3134 5100
578 563 735 626 ,69-

145 719 206 774 sitis
217 721 365 791 provolat,
384 722 480 777 Pecus
498 721 640 793 trucidat,
658 723 741 810 ipsos
756 729 896 793 pastores
911 728 999 778 ueeut
1013 724 1048 780 m
1062 729 1170 780 cuncte

143 823 262 875 vastans
277 819 358 873 euenit
371 821 447 876 irato
467 821 594 890 impetn.

185 964 225 1029 In
241 960 480 1050 sequentibus
495 959 689 1033 verborum
705 949 1171 1054 complexionibus'praete-
1203 963 1206 968 ’

143 1072 249 1141 ritum
265 1075 401 1162 ubique
417 1081 584 1144 servatur
600 1095 608 1146 :
834 1064 835 1070 ἵ

176 1238 197 1293 Ι.
213 1237 239 1309 3,
265 1238 283 1292 4
307 1240 477 1309 (Graculus)
502 1255 619 1310 pennas
644 1242 752 1312 pavoni
768 1258 837 1312 quoe
852 1245 1028 1300 deciderant
1050 1244 1173 1300 sustulit

143 1331 237 1401 Seque
254 1333 430 1405 exornavit3
449 1337 559 1392 deinde
575 1342 774 1394 contemnens
790 1353 863 1394 suos
885 1340 922 1395 Se
937 1337 1101 1393 immiscuit
1121 1355 1173 1410 pa·
1212 1394 1215 1398 ,

141 1441 250 1482 vonum
265 1429 398 1486 formoso
413 1433 511 1499 gregi.

176 1518 1212 1597 mmmmfflmmmmmmmmm'

141 1618 218 1672 eavit
231 1618 293 1675 ictu
317 1625 453 1676 veterem
478 1623 634 1694 injuriem3
670 1625 792 1680 Infestis
816 1631 921 1681 taurus
944 1641 1016 1682 mox
1039 1627 1172 1697 confodit

142 1715 296 1770 cornibus.
307 1754 332 1770 ..
349 1732 356 1786 ;
374 1717 527 1772 asinus...
547 1719 687 1773 calcibus
697 1719 824 1776 frontem
841 1719 971 1776 extudit.

181 1937 264 2027 Non
290 1959 413 2029 minus
437 1961 547 2028 etiem
574 1959 886 2056 ide01audandus
912 1965 968 2027 est
993 1961 1170 2028 Phaedrus

139 2073 235 2158 quia,
255 2094 338 2142 cum
361 2073 400 2142 in
418 2076 604 2161 praecipuo
623 2075 819 2142 Verborum
841 2073 1171 2160 comprehensione

138 2186 300 2254 futurum
324 2196 467 2276 tempus
494 2195 568 2273 est,
594 2188 633 2255 in
661 2189 816 2264 subjecto
841 2207 984 2274 qnoque
1008 2189 1169 2257 futurum

137 2307 216 2386 post
232 2291 252 2368 <<Ι
268 2303 300 2368 si
313 2324 332 2366 »
350 2301 644 2389 conjunctionem
661 2321 806 2388 semper
820 2299 987 2391 adhibuit
1004 2319 1012 2370 ε

169 2463 198 2518 3.
218 2466 268 2520 Pr.
285 2463 317 2519 31
331 2465 426 2529 Quem
442 2465 573 2532 (librum)
588 2463 614 2517 si
632 2463 716 2533 leues,
736 2463 866 2518 leetubor.
881 2464 918 2518 45
932 2462 1044 2533 Siquis
1056 2465 1170 2518 errabit

136 2590 169 2599 —
190 2562 284 2616 stulte
305 2559 434 2615 nudabit
454 2561 545 2614 animi
567 2560 793 2635 conscientium.
810 2560 885 2616 -1.
902 2560 929 2629 5,
951 2558 987 2613 to
1004 2562 1080 2615 Malo
1095 2560 1169 2630 udfif

136 2654 246 2725 rietur,
273 2654 299 2709 si
323 2656 397 2724 quis·
416 2660 554 2723 quartam
585 2652 726 2723 tetiperit.
752 2686 787 2694 -
811 2654 856 2724 19,
881 2654 917 2709 10
940 2654 988 2724 (si)
1012 2670 1068 2724 per
1096 2670 1168 2711 esse

132 2748 278 2818 potueris,
304 2749 408 2803 certum
431 2750 508 2804 loco,
525 2748 551 2803 2.
568 2746 595 2819 8,
619 2747 655 2802 18
677 2746 703 2801 si
727 2748 853 2818 uenerit,
878 2750 985 2817 Magno
1010 2750 1040 2803 in
1054 2750 1168 2818 periclo

135 2847 193 2901 vita
206 2850 343 2901 vertetur
357 2850 419 2916 tua,
437 2850 507 2917 cto,
525 2850 583 2901 eto.
1152 2850 1155 2853 ’

135 2995 198 3063 Cui
220 2996 474 3081 grammaticae
494 2994 570 3081 legi
591 3014 663 3062 non
680 2995 815 3083 ubique
831 2998 993 3083 aequeles
1009 2999 1165 3068 Pheedro

134 3106 333 3195 scriptores
349 3109 542 3191 obsecutos
558 3125 638 3174 esse
654 3108 734 3174 heeo
750 3126 795 3174 ex
813 3106 941 3175 Ovidio
962 3114 998 3176 et
1015 3109 1165 3177 Valerio

134 3223 291 3291 Maximo
308 3225 479 3309 excerpta
494 3222 575 3289 loca
591 3222 880 3308 comprobabunt
896 3240 904 3290 :

168 3368 1167 3459 omnmummmmm-mmmemmmmm

129 3485 222 3552 pudet
237 3490 269 3540 ei
283 3484 435 3539 metuis-
446 3485 515 3552 Ipse
526 3498 597 3539 reus
608 3485 674 3539 sine
685 3487 715 3538 te
726 3485 858 3538 oriminis
870 3485 958 3553 huius
974 3501 1024 3539 ero
1033 3488 1121 3542 Trist.
1137 3488 1165 3557 2,

131 3579 165 3633 33
188 3579 222 3634 Si
234 3609 268 3621 -
284 3594 339 3635 sue
353 3580 476 3634 fulmina
489 3578 602 3649 mittut,
620 3580 742 3634 inermis
758 3578 826 3635 erit.
843 3582 905 3636 Vul.
935 3583 1013 3637 Max.
1029 3582 1056 3638 9.
1083 3582 1126 3654 to,
1149 3584 1168 3637 2

132 3674 259 3746 delapsu
280 3678 357 3732 coelo
382 3677 484 3731 sidera
506 3677 677 3731 hominihus
700 3674 726 3729 ei
744 3691 785 3739 ¹se
810 3676 946 3748 offerunt,
962 3680 1166 3735 venerationis
1214 3720 1218 3726 ·

133 3777 261 3844 amplius
276 3790 336 3829 non
351 3773 512 3845 recipient.
