3134 5100
656 497 818 560 ..15-

220 659 441 728 narrationis
479 657 714 730 festivitatem
751 661 899 729 maximi
939 668 1024 730 sunt
1060 662 1250 748 momenti,

220 775 308 844 satis
323 775 483 844 libenter
496 784 751 845 commoratur.
769 782 902 845 Parum
918 784 974 846 est
989 778 1087 846 enim
1103 779 1249 849 dicere:

328 950 341 981 ι(
362 932 436 986 Gelu
451 932 600 998 rigentem
616 932 737 1000 quidam
753 933 907 986 colubram
923 934 1044 988 sustulit

362 1028 495 1095 Sinuque
510 1027 591 1096 fovit,
608 1032 712 1082 contra
727 1043 762 1083 se
777 1029 844 1097 ipse
860 1029 1034 1085 misericors
1052 1045 1058 1083 :

361 1123 498 1191 Namque
512 1127 545 1176 ut
559 1124 672 1178 relecta
688 1127 747 1178 est.
759 1162 766 1176 .
778 1161 803 1177 ..
823 1123 862 1192 (l)

222 1267 327 1335 Dicas
346 1286 498 1335 necesse
519 1272 586 1348 est,
604 1267 635 1334 si
657 1266 857 1335 exilitatem
878 1268 918 1334 in
935 1270 1120 1336 narrando
1135 1269 1251 1337 vitare

221 1379 324 1463 velis,
350 1379 432 1465 quis
462 1379 622 1464 serpenti
653 1378 781 1447 obrius
810 1379 935 1461 fuerit,
960 1399 1031 1465 quo
1057 1381 1153 1462 loco,
1180 1379 1251 1467 quo

220 1498 394 1577 tempore,
417 1498 493 1558 tum
516 1511 587 1577 qua
609 1510 710 1575 cura,
728 1491 860 1577 quibus
881 1491 1055 1559 remediis
1075 1494 1119 1560 ad
1138 1491 1251 1560 vitam

221 1627 303 1674 eum
319 1607 456 1674 sensim
472 1607 664 1674 revocarit.

262 1722 348 1789 Ideo
371 1741 514 1807 quoque
538 1721 684 1806 frigidae
710 1727 796 1788 sunt
819 1721 968 1789 Phaedri
995 1722 1131 1791 iabulae
1156 1723 1252 1808 quod

216 1857 291 1905 non
312 1856 410 1923 saepe
431 1857 505 1920 eaS,
528 1857 610 1923 quae
630 1837 670 1904 in
684 1837 820 1905 sabulis
843 1839 1090 1923 celebrantur,
1112 1839 1251 1907 bestias

214 1951 436 2019 bestiolasve
458 1950 498 2016 in
521 1970 668 2018 scenam
690 1952 877 2019 locuturas
895 1950 1051 2035 inducit,
1076 1954 1140 2020 sed
1162 1953 1250 2039 quid

216 2064 378 2133 dixerint
402 2065 601 2134 iecerintve
631 2067 847 2152 plerumque
871 2065 950 2152 ipse
978 2083 1130 2131 narrare
1160 2063 1251 2131 satis

216 2180 357 2248 habet:
382 2183 477 2267 quod
501 2180 647 2267 quidem
674 2179 713 2246 in
736 2199 779 2247 ea
802 2181 938 2249 labella
964 2181 1136 2247 observes
1166 2197 1249 2264 quae

220 2318 239 2361 «
261 2297 362 2364 Rana
382 2300 492 2380 rupto
509 2300 544 2364 et
561 2300 627 2362 Bos
644 2318 663 2361 »
680 2295 726 2384 (2)
751 2295 992 2365 inscribitur:
1018 2315 1127 2381 quam
1147 2297 1249 2362 Fou-

218 2409 311 2476 tanii
327 2409 443 2477 nostri
459 2410 605 2478 fabellae
622 2428 665 2476 ea
681 2429 719 2476 re
736 2409 966 2496 potissimum
986 2410 1117 2475 cedere
1134 2424 1254 2494 praes-

218 2523 447 2591 tantissimus
468 2522 533 2591 ille
553 2522 722 2610 scriptor,
744 2525 787 2591 Η.
804 2522 930 2605 laius,
952 2526 1051 2590 recte
1068 2520 1253 2608 judicarit

221 2635 308 2723 quia
319 2637 414 2723 quod
427 2638 604 2703 Phaedrus
616 2636 694 2722 ipse
708 2635 884 2720 narravit,
895 2636 935 2702 in
946 2634 1085 2720 dialogi
1099 2635 1252 2701 sormam

219 2753 422 2820 traduxerit
438 2753 637 2821 Fontanius
652 2752 712 2841 (3).

265 2866 449 2951 strigosus
470 2871 525 2935 est
545 2866 703 2954 denique
727 2868 904 2935 Phaedrus
928 2872 1036 2953 atque
1060 2885 1251 2951 exsuccuS,

221 3002 303 3049 curn
321 2982 468 3066 singula
487 3002 642 3068 quaeque
662 2981 887 3049 narrationis
908 2980 1042 3066 frigide
1063 2998 1106 3047 ac
1123 2982 1252 3066 jejune

222 3097 346 3180 refert,
361 3098 495 3163 nedum
508 3102 581 3163 tarn
596 3095 695 3163 veris
710 3115 753 3163 ac
765 3094 898 3163 vividis
914 3094 1099 3163 coloribus
1113 3114 1253 3181 reprae-

220 3213 353 3293 sentet,
369 3216 407 3276 ut
423 3229 466 3276 ea
482 3208 586 3296 quasi
601 3208 727 3275 videre
744 3208 936 3275 audientes
953 3208 1023 3275 sibi
1036 3206 1250 3275 videantur:

220 3342 351 3410 nempe
374 3323 414 3389 in
435 3342 478 3389 ea
501 3325 605 3408 quus
625 3322 850 3390 mentionem
869 3340 987 3408 nuper
1007 3320 1174 3406 fecimus,
1190 3322 1251 3387 ia-

220 3440 307 3507 bula
321 3438 381 3527 (4),
397 3459 470 3508 non
488 3438 577 3506 satis
594 3443 649 3507 est
664 3438 787 3506 dicere
805 3456 813 3506 ε

277 3608 291 3644 «
311 3593 349 3647 Ut
365 3593 478 3647 relecta
491 3596 539 3647 est
555 3593 710 3662 (colubra),
726 3592 828 3647 necuit
842 3592 995 3647 hominem
1009 3592 1146 3660 protinus
1162 3609 1188 3645 ».

222 3735 384 3821 Oportet,
410 3733 442 3801 si
468 3752 542 3802 non
569 3735 685 3821 solum
710 3735 877 3819 legentes
899 3734 1031 3803 docere
1052 3734 1159 3819 velis,
1187 3736 1252 3803 sed

258 3974 298 4043 (l)
316 3974 344 4029 a.
364 3975 408 4044 la,
430 3974 456 4045 r,
473 3991 523 4044 sq.

259 4060 298 4127 (a)
318 4062 340 4116 1.
356 4060 404 4113 aa.

257 4146 298 4213 (3)
317 4146 392 4217 Vide
405 4147 448 4200 La
460 4148 603 4203 Fontaine
619 4152 649 4204 et
664 4163 715 4203 ses
731 4148 836 4219 lableS,
852 4147 933 4218 1875,
948 4163 979 4217 p.
994 4146 1058 4218 239,
1076 4162 1126 4215 sq.

258 4232 298 4301 (4)
319 4232 459 4305 Serpens.
474 4231 500 4303 l,
517 4232 561 4291 la.
1000 4276 1005 4284 ,
