3134 5100
653 538 813 602 „49-

215 706 327 772 beut:
352 705 517 791 exemplo
540 704 588 772 sit
613 726 632 768 c
653 706 859 788 festinare»
885 705 980 791 quod
1002 705 1097 790 apud
1120 703 1249 789 Virgi-

216 815 307 883 lium
324 815 384 903 (1),
401 814 590 883 Horatium
607 814 667 903 (2),
684 814 851 883 Ovidium
866 815 911 903 (3)
929 816 1133 901 multosque
1155 813 1248 882 alios

216 928 433 1015 posterioris
451 927 570 996 aetatis
586 927 784 1014 scriptores
801 927 1097 1014 frequentissime
1113 947 1247 995 occur-

215 1042 283 1125 rit3
299 1043 464 1128 exemplo
476 1041 550 1118 sint
562 1041 672 1108 etiarn
685 1043 797 1110 verba
808 1061 1042 1127 «properare,
1051 1061 1247 1126 reperere»,

173 1198 175 1202 -
216 1176 373 1243 quorum
389 1157 544 1224 alterum
559 1155 741 1241 Virgilius
757 1155 817 1244 (4),
833 1156 998 1224 Tibullus
1014 1156 1074 1243 (5),
1090 1159 1250 1242 Proper-

215 1271 292 1339 tius
315 1271 373 1360 (6),
391 1271 540 1341 Ovidius
562 1272 608 1361 (7)
620 1292 630 1358 ;
655 1273 811 1350 alterum
833 1290 920 1339 vero
940 1270 1123 1356 Virgilius
1144 1271 1189 1358 (8)
1213 1276 1250 1338 et

215 1386 368 1454 Ovidius
384 1386 443 1475 (9),
460 1393 586 1456 contra
610 1387 691 1474 puri
718 1385 900 1455 sermonis
919 1387 1036 1470 leges,
1058 1383 1249 1454 transitive

215 1500 440 1568 extulerunt.

263 1615 400 1693 Quibus
417 1615 656 1702 scriptoribus
670 1617 752 1685 ideo
767 1617 893 1704 purior
903 1619 1081 1686 Phaedrus
1091 1615 1248 1700 videtur,

214 1727 305 1816 quia
322 1728 553 1796 intransitive
572 1731 716 1796 demum
734 1730 805 1797 tria
820 1730 932 1798 verba
947 1729 1012 1796 illa
1028 1727 1179 1815 protulit
1195 1745 1202 1795 :

325 1889 354 1943 3.
374 1889 418 1959 19,
452 1889 561 1944 9Abiit
576 1889 724 1958 festinans
744 1891 881 1945 dentum.

325 1987 355 2041 3.
392 1987 419 2056 9,
435 1986 466 2040 11
484 1989 517 2042 In
532 1988 630 2042 cubile
641 1991 800 2058 properat.

325 2083 355 2138 3.
393 2083 419 2153 7,
435 2083 469 2138 27
485 2084 622 2154 Reppere
637 2088 716 2155 nolo,
732 2086 808 2140 liber
823 2090 857 2140 ut
872 2099 931 2140 non
946 2086 1003 2140 sim
1019 2085 1103 2139 mibi.

261 2307 290 2396 ε)
304 2293 545 2396 Tum'quoque
557 2329 578 2376 a
589 2329 679 2378 sano
689 2330 857 2379 sermone
868 2310 1077 2380 desciscunt
1088 2312 1250 2397 aequales

211 2432 254 2492 et
276 2425 333 2492 vel
356 2425 490 2511 prioris
514 2425 632 2493 aetatis
657 2425 869 2513 scriptores,
886 2446 969 2494 curn
989 2425 1251 2512 deponentium

208 2537 412 2607 verborum
434 2539 691 2629 participium,
714 2543 810 2629 quod
835 2541 951 2610 active
980 2543 1125 2611 demum
1154 2542 1250 2629 apud

662 2736 708 2745 ιιι-

254 2830 295 2898 (1)
310 2832 376 2886 AEn.
395 2832 422 2902 4,
439 2832 492 2887 575
506 2832 652 2901 festinare
667 2835 783 2904 supere.

246 2914 296 2983 ’(9)
310 2916 365 2985 Ep.
385 2917 410 2971 Ι.
429 2914 456 2985 9,
473 2918 504 2971 61
518 2934 621 2986 poertas
637 2919 705 2973 odio
720 2919 847 2988 pervim
862 2917 988 2987 festinat
1002 2920 1108 2973 inuito.

254 2999 294 3069 (3)
309 3002 349 3055 Μ.
368 3001 412 3070 11,
424 3000 476 3054 575
490 3002 617 3070 festinat
631 3008 734 3057 cestro.
749 3005 837 3058 Pont.
851 3006 882 3057 4.
901 3003 957 3072 5,8
973 3003 1151 3072 festinatum
1166 3003 1253 3056 facia·

210 3087 257 3140 tis
274 3086 339 3140 iter.
356 3115 391 3127 -
406 3086 462 3155 [Gt.
480 3088 574 3143 Tacit.
595 3090 633 3142 H.
653 3090 684 3157 3,
700 3088 735 3142 37
751 3094 831 3143 extr.
850 3103 919 3143 cum
935 3089 1004 3143 beiti
1019 3090 1113 3143 civilis
1128 3089 1252 3157 praemia

209 3169 447 3242 festinarcrrtur.
464 3201 498 3210 -
508 3172 535 3242 9,
547 3172 583 3227 89
598 3187 635 3227 ea
645 3179 766 3228 cuncta.
777 3212 802 3227 ..
821 3173 1055 3242 sest-irroboretur,
1067 3178 1124 3228 etc.
1138 3177 1199 3227 etc.
1210 3212 1217 3226 .
1227 3172 1250 3241 .]

255 3254 296 3323 (4)
312 3256 347 3309 G.
366 3255 393 3324 4,
411 3255 457 3309 171
477 3256 610 3324 fulmina
621 3262 803 3327 properant.
822 3260 889 3313 AEn.
908 3258 936 3329 9,
952 3260 1003 3314 461
1018 3260 1174 3327 pulchram
1181 3274 1252 3328 pro-

205 3343 304 3412 perrt
317 3355 372 3408 per
386 3341 510 3395 vulnera
524 3346 664 3396 mortem.

254 3425 295 3493 (5)
363 3424 392 3477 4.
418 3426 445 3494 1,
470 3426 523 3478 ‘205
547 3441 603 3481 seu
627 3433 745 3482 motura
769 3429 835 3483 dies
860 3429 989 3482 celerem
1011 3431 1156 3497 properat
1180 3428 1252 3480 mibi

211 3513 300 3565 mort

255 3594 295 3662 (6)
314 3594 344 3647 3.
364 3594 399 3647 ‘24
414 3594 481 3664 (18),
497 3593 533 3648 95
547 3598 628 3664 quod
640 3597 665 3651 si
675 3598 751 3651 forte
762 3597 1027 3667 tibiproperarirtt
1037 3598 1097 3652 fata
1108 3597 1250 3665 quietern.

254 3679 294 3746 (7)
314 3680 351 3732 M.
368 3678 394 3748 3,
410 3678 463 3733 296
478 3680 593 3734 exierat
607 3695 666 3734 vox
679 3685 845 3750 properata
861 3682 919 3735 sub
935 3696 1033 3736 aurae.
1050 3681 1077 3750 9,
1094 3680 1156 3749 587,
1173 3696 1254 3735 corn-

212 3764 287 3819 misi
299 3762 471 3832 properatis
485 3764 579 3818 verba
593 3765 720 3820 tabellis.
738 3765 781 3834 10,
800 3766 832 3820 31
846 3770 1012 3835 properata
1033 3766 1161 3820 retexite
1180 3766 1250 3820 fata.

210 3850 283 3904 Am.
301 3848 331 3899 3.
351 3849 377 3915 1,
394 3845 429 3900 69
444 3849 540 3902 teneri
553 3853 756 3917 properentur
771 3864 901 3903 amores

254 3930 294 3997 (8)
314 3931 378 3983 AEn.
395 3930 421 3999 3,
438 3931 473 3983 14
488 3932 548 3985 acri
563 3933 714 3999 quondam
738 3937 867 4002 repento
882 3935 1025 4002 Lycurgo.
1051 3932 1077 4002 6,
1103 3932 1155 3987 793
1170 3933 1253 3986 Latio

211 4021 348 4083 repento
362 4031 417 4084 per
432 4031 504 4071 arva
520 4017 657 4073 Saturno

255 4100 295 4169 (9)
314 4103 351 4156 Μ.
368 4100 395 4170 8,
411 4100 465 4154 613
480 4117 535 4156 suo
551 4104 702 4171 quondam
718 4109 847 4171 reponte
867 4106 982 4174 parenti
1008 4105 1115 4172 (arvo).
1135 4103 1179 4173 13,
1200 4103 1254 4157 tro

212 4190 409 4253 repenteque
432 4187 491 4239 vati
515 4188 675 4242 Buthrotos
697 4189 837 4257 Phrygio.
859 4191 928 4245 Hor.
944 4188 990 4258 16,
1010 4190 1046 4244 69
1068 4191 1157 4243 tellus
1170 4190 1253 4256 iusto

213 4273 351 4336 repento
367 4272 496 4338 parenti.
1030 4300 1033 4305 ·

302 3526 361 3563 6444.
