3134 5100
800 465 980 528 ..104-

417 631 463 697 Ut
472 632 601 697 contra
610 629 790 718 benorum
801 627 1022 715 scriptorum
1033 646 1171 697 morem
1186 633 1269 715 post
1276 629 1395 712 verba,

373 740 497 827 qualia
515 760 633 825 causo,
653 741 822 826 delector,
840 760 983 810 merere
996 739 1043 828 (1)
1066 741 1245 810 Phaedrus
1264 741 1398 828 profert

371 852 607 938 infinitivum,
619 853 672 922 ita
684 859 767 942 post
776 853 998 940 adjectivum
1013 854 1172 939 ‹dipnus
1183 875 1202 922 ›
1214 852 1254 921 in
1267 852 1398 922 tabuiis

370 968 476 1037 novis
491 969 659 1037 eumdem
670 969 822 1053 'modum
837 974 990 1056 usurpat
1005 987 1014 1037 :

511 1109 556 1180 18,
576 1109 595 1164 t
614 1111 677 1166 Hoc
692 1109 801 1180 dionae
815 1108 969 1182 appellari
983 1110 1114 1166 nomine.

417 1300 503 1367 Ideo
532 1317 676 1386 quoque
697 1303 841 1367 veteres
861 1297 908 1386 (2)
938 1317 980 1367 ac
1002 1316 1107 1366 novae
1133 1298 1267 1367 fabulae
1294 1316 1399 1384 pares

370 1412 553 1496 videntur,
571 1412 666 1499 qnod
687 1411 725 1480 in
742 1410 925 1480 infinitiva
939 1411 1398 1497 verborumcomprehen-

370 1523 474 1592 sione
503 1542 725 1610 pronomen,
755 1525 851 1610 quod
881 1524 1028 1600 subjecti
1063 1541 1257 1610 personam
1286 1522 1399 1608 gerit,

370 1634 507 1722 saepius
523 1633 704 1704 omittitur
720 1653 728 1705 :

405 1789 431 1859 5,
447 1787 535 1844 15-16
554 1789 616 1853 Quo
632 1789 700 1856 quis
715 1787 861 1855 majorem
878 1787 1017 1855 possidet
1035 1791 1125 1842 terrae
1144 1788 1253 1855 locum,
1275 1785 1336 1840 boc
1350 1785 1400 1839 de·

369 1890 554 1941 monstratur
581 1899 654 1939 cura
677 1885 814 1953 graviore
840 1883 929 1954 [eom]
954 1884 1042 1939 affici.
1070 1883 1098 1953 9,
1122 1882 1140 1938 9
1164 1884 1308 1939 Permitte
1334 1881 1400 1952 [me]

370 1985 516 2052 scalpere.
533 1982 577 2052 16,
594 1983 612 2037 5
626 1980 763 2038 Praedam
779 1981 848 2052 [eos]
864 1987 985 2051 portare
999 1982 1127 2050 judices

414 2175 456 2241 In
480 2171 642 2257 antiquis
666 2169 802 2240 fabulis
823 2171 1002 2238 Phaedrus
1024 2175 1061 2237 et
1080 2170 1168 2235 dom
1189 2166 1245 2256 [=
1258 2162 1424 2236 interea‘

369 2287 471 2377 dum]
489 2307 571 2356 cum
587 2285 786 2354 indicativo
801 2285 908 2353 modo
924 2281 1163 2372 construit'(3)
1179 2287 1217 2350 et
1229 2281 1269 2349 in
1285 2281 1402 2349 inter-

370 2400 561 2486 rogatione
594 2398 745 2484 obliqua
781 2396 1052 2483 subjunctivum
1084 2395 1230 2462 modum
1266 2393 1399 2480 ubique

370 2514 520 2583 adhibet
534 2512 600 2602 (4);
625 2518 661 2581 et
677 2518 758 2599 post
772 2511 884 2579 verba
897 2509 1060 2577 mmerrdi
1073 2527 1162 2593 non,
1180 2513 1219 2575 ut
1233 2506 1404 2594 plerique

370 2627 580 2715 aequalium,
595 2625 792 2709 infinitivo,
806 2625 884 2708 sed,
895 2630 934 2690 ut
946 2622 1105 2710 optimus
1116 2621 1271 2708 quisque
1283 2621 1401 2707 scrip·

368 2747 437 2825 tor,
467 2741 598 2827 supino
615 2737 661 2827 (5)
686 2736 823 2821 utitur;
853 2741 891 2804 et
914 2736 1065 2804 verbum
1096 2735 1297 2813 «jubere»
1327 2752 1400 2800 non

369 2873 451 2921 cum
468 2849 699 2938 subJunctivo
714 2848 907 2933 construit,
926 2849 1003 2931 sed,
1026 2847 1122 2933 quod
1137 2846 1294 2916 sincerae
1309 2844 1398 2913 lati-

369 2966 477 3035 nitati
492 2964 610 3050 magis
627 2968 914 3031 consentaneum
932 2967 1000 3045 est,
1020 2979 1103 3028 cum
1118 2958 1302 3027 infinitiva
1315 2978 1400 3026 ver-

368 3084 497 3151 borum
526 3079 803 3149 continuatione
817 3076 863 3165 (6)
892 3095 900 3145 :
932 3096 1015 3163 quae
1042 3074 1167 3143 omnia
1189 3074 1230 3141 in
1259 3073 1326 3157 eis,
1356 3075 1399 3141 de

369 3196 501 3283 quibus
517 3194 730 3279 ambigitur,
750 3192 887 3261 tabulis
908 3190 1077 3278 reperiri,
1101 3191 1182 3257 haec
1201 3188 1291 3257 satis
1311 3208 1401 3257 con-

369 3310 566 3377 firmabunt
581 3307 747 3393 exempla
764 3323 772 3373 :

368 3458 398 3537 α)
417 3468 500 3523 Dum.
516 3497 550 3505 —
569 3465 597 3535 4,
612 3463 630 3519 9
650 3464 730 3518 nem
744 3468 866 3532 tempus
881 3460 995 3531 babuit,
1015 3460 1101 3515 finxit
1116 3473 1215 3514 manu.
1234 3457 1313 3528 29,2
1329 3458 1399 3512 dum

402 3560 539 3615 vivebant
552 3575 680 3630 corpora
694 3590 727 3600 -
744 3573 801 3627 ego
817 3558 960 3627 princeps
974 3556 1025 3610 fui.
1106 3611 1108 3614 .

403 3792 442 3860 (r)
462 3791 503 3847 cf.
523 3807 553 3861 p.
569 3790 662 3845 ren-1.
