3134 5100
631 608 811 672 ..105-

202 775 232 856 β)
252 785 495 847 OBL10.1NT.-
513 780 571 850 6,1
593 781 699 836 Utilius
713 781 801 836 nobis
820 779 894 851 quid
907 779 957 850 eit,
974 780 1032 850 dio,
1053 781 1185 837 Phoebe.
1203 809 1234 820 -υ

237 879 282 950 94,
298 878 317 935 6
335 881 401 935 Soio
420 895 508 950 quem
528 880 680 947 lacessam,
698 876 746 931 cui
765 878 871 933 dolosa
884 874 1038 931 blandior.
1057 875 1103 945 29,
1120 876 1155 931 10
1169 878 1234 933 Non
1260 897 1263 902 ·

238 975 290 1048 qui
303 975 462 1046 fuerimus,
480 978 534 1031 sed
551 975 603 1046 qui
618 991 698 1030 nuno
712 974 815 1044 simus,
831 975 910 1030 vida.

199 1066 230 1146 γ)
250 1077 322 1132 SUP.
338 1105 373 1116 -·
386 1074 432 1145 13,
448 1074 483 1130 14
502 1073 669 1129 dormitum
683 1072 768 1128 euuti
784 1074 948 1143 (dominae).

201 1165 359 1244 δ)13330,
385 1202 421 1214 -
448 1172 476 1243 8,
505 1173 540 1228 13
573 1174 607 1227 ld
637 1172 760 1226 dedecus
788 1176 955 1227 castrorum
981 1169 1115 1242 propelli
1137 1170 1232 1239 jubet.

236 1269 282 1340 15,
299 1269 335 1324 10
350 1271 385 1325 Et
400 1268 554 1340 objurpuri
565 1267 657 1338 jussit
670 1285 789 1322 seruum
803 1269 965 1337 garrulum.

244 1472 280 1521 v.
304 1488 348 1504 -
372 1455 545 1540 Superest
567 1457 606 1520 ut
628 1453 671 1520 de
692 1451 885 1539 particulis
905 1451 1149 1538 conjunctivis
1173 1455 1233 1520 lo-

201 1588 368 1656 quamur.
386 1569 487 1647 Quod
504 1570 548 1637 ad
564 1568 764 1655 particulas
780 1586 843 1635 eas
859 1567 991 1635 attinet
1004 1567 1137 1654 quibus
1152 1589 1235 1636 cum

193 1686 381 1770 praecipuo
411 1685 566 1762 subjectu
601 1685 797 1753 verborum
829 1683 1109 1769 comprehensio
1140 1704 1234 1752 con-

193 1798 379 1885 Jungitur‚
409 1801 479 1867 hoc
504 1797 693 1866 notatione
718 1797 872 1882 dignum
894 1797 1052 1882 videtur,
1077 1798 1173 1867 sicut
1196 1800 1234 1868 in

198 1910 385 1979 veteribus
402 1910 448 2000 (1)
469 1910 521 1978 ita
540 1910 579 1978 in
599 1910 703 1978 novis
719 1910 855 1980 fabulis
871 1915 1003 1998 etpost
1021 1910 1234 1980 adverbium

200 2045 220 2088 u
234 2025 342 2090 simul
356 2045 375 2088 r
399 2021 679 2108 conjunctiones
701 2043 789 2108 «uc,
805 2028 944 2106 utque»
968 2023 1105 2110 saepius
1120 2025 1233 2092 Phae·

198 2139 303 2205 drum
318 2137 498 2220 recidere,

234 2275 279 2346 90,
298 2277 317 2330 4
340 2276 471 2342 Quorum
490 2276 568 2331 inter
586 2276 671 2330 villos
691 2273 784 2330 simul
805 2275 954 2329 leserunt
973 2289 1130 2331 carceres.
1152 2273 1198 2344 28,
1217 2275 1236 2330 8

195 2375 329 2429 Venator
342 2388 473 2443 namque
487 2372 579 2428 simul
594 2371 710 2428 iuvcutt
725 2373 904 2442 remedium,

196 2509 295 2579 etin
317 2509 484 2598 simplice
506 2508 799 2596 interrogatione
819 2527 893 2577 non
919 2527 1009 2593 «ue,
1026 2527 1148 2576 uuus»
1170 2508 1234 2576 sed

197 2646 219 2689 «
233 2645 313 2692 uu»
335 2624 382 2714 (2)
398 2643 577 2711 usurpare
596 2642 604 2692 :

288 2762 331 2833 11,
346 2762 364 2816 3
382 2762 580 2831 Interrogavit
594 2777 636 2816 uu
650 2763 719 2831 plus
734 2760 928 2816 adversarius
942 2761 1098 2816 valuisset.

241 2958 352 3027 Nulla
368 2976 407 3025 re
426 2955 581 3025 forsitan
601 2955 834 3024 manifestior
853 2955 924 3022 erit
943 2955 1042 3023 inter
1063 2973 1176 3022 novas
1198 2961 1235 3023 et

193 3078 341 3141 veteres
363 3072 508 3141 fabulas
532 3070 736 3139 similitudo
761 3089 872 3157 quam
896 3069 957 3154 iis,
981 3068 1115 3156 quibus
1137 3068 1236 3137 inter
1288 3096 1291 3105 ·

193 3208 237 3257 se
274 3189 463 3257 cohaerent
498 3187 663 3273 ejusdem
698 3185 840 3253 ordinis
873 3184 1039 3253 membra
1065 3202 1234 3270 vocesve,

194 3300 520 3388 conjunctionibus
538 3318 546 3368 :
571 3319 728 3393 namque
750 3305 790 3367 ut
803 3298 843 3366 in
859 3298 994 3368 fabulis
1010 3297 1174 3385 antiquis
1186 3298 1234 3388 (3)

193 3418 249 3486 ita
264 3417 304 3485 in
318 3416 423 3485 novis
439 3435 536 3484 nunc
553 3415 712 3501 singulae
728 3434 836 3483 voces
852 3413 1113 3500 conjunctione
1130 3419 1231 3481 «et»

193 3531 419 3619 copulantur

268 3665 296 3736 8,
312 3666 329 3719 5
348 3666 422 3722 Cum
435 3670 522 3721 veste
537 3669 566 3719 et
580 3679 652 3721 auro
668 3668 697 3718 et
711 3678 821 3733 magno
836 3664 952 3733 argenti
967 3665 1114 3734 pondera,

191 3819 295 3870 nunc
311 3799 429 3868 omnis
442 3796 602 3867 demitur
616 3799 696 3883 conj
704 3796 827 3865 unctio

232 3948 261 4019 6,
275 3948 294 4004 9
311 3949 451 4019 Patriam,
467 3951 620 4018 parentes
635 3952 734 4017 natos,
751 3952 854 4003 castas
869 3949 1015 4018 conjuges
1030 3949 1192 4005 defendite.

232 4171 451 4243 fflOEpQ

233 4258 274 4327 (2)
293 4258 335 4314 Gi.
354 4274 385 4327 p.
406 4256 450 4313 79.

234 4340 449 4414 fflffipffi
