3134 5100
653 543 810 604 ..43-

213 703 260 768 lis
278 723 296 766 ›>
312 701 472 770 breviter
488 701 650 770 diceret:
670 725 688 768 c
706 704 792 771 Coei
805 705 922 787 falsi»
939 708 986 772 M.
1004 708 1037 789 6,
1051 707 1095 774 26
1106 704 1166 792 (1),
1180 727 1246 793 pro

216 838 235 880 ‹<
246 836 362 920 porco
376 818 488 884 alzeco
502 838 615 884 cose»
643 839 829 903 «parvum
842 820 997 888 odonem
1014 843 1032 886 »
1049 824 1081 889 8.
1099 823 1165 890 645
1181 825 1194 890 t

511 1076 575 1140 ΙΙΙ.
602 1111 645 1124 -
668 1093 714 1141 nn
738 1092 948 1143 rnoroumo

258 1325 358 1400 Quod
373 1323 416 1388 ad
430 1342 631 1408 pronomen
645 1329 797 1408 spectat,
811 1342 905 1390 unus
916 1324 1031 1407 locus,
1046 1331 1084 1392 ut
1097 1325 1244 1410 quidem

210 1456 283 1522 ego
300 1437 431 1518 sentio,
448 1438 542 1522 apud
559 1438 754 1504 Phaedrum
771 1443 839 1519 est,
856 1437 917 1504 ubi
934 1457 955 1503 a
970 1456 1061 1523 puro
1075 1458 1243 1506 sermone

208 1553 380 1619 videatur
402 1553 594 1619 deflexisse
618 1571 625 1620 :
656 1572 787 1638 nempe
814 1572 896 1620 curn
923 1554 967 1619 de
990 1555 1130 1622 duabus
1153 1575 1242 1640 per-

209 1667 314 1736 sonis
330 1672 503 1752 ageretur
520 1685 593 1734 non
616 1671 765 1733 «oter»
788 1668 851 1734 sod
875 1688 892 1730 ‹<
909 1669 1020 1750 quis»
1043 1687 1242 1754 pronomen

208 1778 404 1847 adhibuit:
457 1837 465 1854 ,

206 1935 233 1989 Ι.
249 1931 295 2001 M,
311 1933 326 1986 7
342 1933 434 1987 Simili
445 1933 583 2001 quaesivit
594 1934 682 1987 modo
695 1930 764 1997 Quis
776 1934 870 2001 major
881 1938 965 1988 esset
980 1935 1087 2001 (hosne
1098 1949 1134 1988 an
1148 1937 1240 2001 rana).

204 2033 237 2089 4.
253 2032 327 2102 242
341 2033 476 2087 Formica
491 2037 521 2088 et
535 2034 639 2087 Musca
653 2034 878 2088 contendebant
894 2036 1003 2090 acriter

343 2126 409 2192 Quae
424 2129 517 2198 pluris
533 2133 626 2183 esset.

202 2268 286 2334 Hoc
300 2285 386 2333 vero
402 2266 579 2333 memoria
594 2266 746 2351 dignum
763 2273 831 2350 est,
847 2267 1019 2335 similiter
1031 2267 1240 2354 peccavisse

202 2396 284 2445 non
300 2378 406 2444 modo
422 2396 484 2444 eos
497 2379 557 2463 qui
571 2379 718 2446 Phaedri
732 2385 840 2446 aetate
853 2378 1025 2463 vixerint,
1040 2379 1138 2447 inter
1151 2399 1241 2465 quos

201 2493 375 2579 Vellejus
400 2496 615 2562 Paterculus
635 2493 696 2583 (2),
720 2496 784 2565 sed
809 2494 919 2563 etiam
940 2495 1002 2582 qui
1026 2500 1133 2564 aetate
1158 2515 1241 2563 eum

199 2610 431 2697 praecedant,
446 2608 543 2676 inter
558 2629 648 2696 quos
664 2610 786 2678 Livius
803 2610 849 2698 (3)
864 2610 1144 2698 virgiliusque(
1167 2610 1191 2699 ).

252 2814 342 2880 Sunt
370 2819 550 2899 praeterea
581 2815 760 2883 nonnulla
792 2834 874 2901 quae
904 2816 999 2901 apud
1023 2813 1170 2900 priores
1204 2822 1241 2881 et

196 2929 369 3014 aequales
403 2930 559 2998 Phaedro
593 2928 792 3015 scriptores
829 2928 959 2995 merito
990 2930 1239 3015 reprehendas

197 3060 434 3132 quorumque
461 3064 508 3111 ne
538 3043 730 3111 minimum
760 3044 908 3131 quidem
930 3044 1128 3128 vestigium
1145 3046 1240 3131 apud

240 3344 282 3414 (1)
298 3346 338 3400 cf.
356 3343 425 3398 corti
441 3344 583 3399 honorati
596 3346 634 3399 M.
651 3342 677 3412 8,
693 3343 729 3414 93
747 3343 817 3397 coni
831 3342 900 3396 rari
913 3344 951 3397 M.
966 3341 994 3411 8,
1010 3340 1072 3396 588.

239 3430 281 3500 (8)
296 3429 322 3485 2.
336 3430 372 3484 63
387 3446 515 3500 qnorum
526 3436 610 3486 esset
619 3430 748 3499 partium
760 3444 865 3484 secum
876 3429 1005 3482 luctatus
1020 3428 1101 3495 (vide
1115 3428 1239 3495 Draeger

191 3519 275 3575 hist.
291 3521 369 3587 synt.
387 3518 407 3571 Ι.
425 3532 454 3584 p.
472 3516 547 3584 103.)
783 3586 787 3591 ,

239 3601 281 3669 (3)
300 3603 321 3655 Ι.
342 3601 387 3670 56,
404 3601 439 3656 to
463 3602 572 3669 cupido
588 3601 713 3656 incessit
735 3600 852 3653 animos
874 3599 1017 3666 juvenum
1042 3599 1108 3666 (Titi
1133 3604 1163 3652 et
1183 3600 1237 3652 rtr-

191 3688 312 3755 runtis)
328 3688 510 3755 sciscitandi,
529 3688 566 3740 ad
583 3702 669 3755 quem
684 3699 790 3739 eorum
813 3698 941 3751 regnum
957 3689 1041 3738 esset
1055 3689 1215 3743 venturum
1227 3702 1248 3753 3.

191 3775 231 3829 1.
251 3770 280 3833 6,
296 3770 314 3823 4
328 3770 395 3839 qui3
412 3771 442 3824 t.
462 3769 506 3838 27,
523 3769 540 3823 6
556 3784 631 3838 qua3
655 3769 685 3822 7.
704 3768 731 3836 9,
749 3767 765 3820 7
781 3782 839 3819 nec
853 3765 905 3835 qui
917 3767 1087 3833 potirentur
1113 3768 1236 3821 incertis

190 3854 317 3910 viribus
333 3855 408 3909 satis
433 3854 563 3909 discerni
588 3857 724 3921 poterat3
741 3849 768 3903 9.
785 3850 830 3918 45,
847 3849 865 3902 8
880 3848 952 3918 quid
967 3850 1107 3918 mallont3
1125 3848 1168 3904 10.
1189 3849 1234 3918 tt),

189 3943 214 3995 5
234 3955 295 4008 qno
310 3940 375 4007 (pro
392 3943 456 3993 utra
473 3938 589 4007 parte)·‚
607 3936 651 4006 rt,
668 3936 712 3991 39.
729 3934 747 3988 t)
763 3934 894 3989 incertos
914 3949 978 4003 quae
993 3948 1064 4002 pars
1080 3936 1238 4002 sequenda
1294 3955 1296 3960 ·

191 4026 301 4079 esset.
852 4048 855 4055 .

240 4104 280 4173 (4)
299 4106 363 4160 AEn.
380 4104 425 4173 1⁶2,
441 4104 495 4159 719
513 4103 577 4174 quis
593 4105 732 4172 (duorum
748 4103 914 4168 taurorum)
937 4102 1051 4156 nemori
1074 4102 1235 4169 imperitet.

191 4222 237 4233 μ
249 4190 300 4244 747
313 4206 399 4259 quem
414 4192 557 4258 (Turnum
573 4206 611 4245 an
626 4192 739 4245 AEnean
763 4190 887 4243 damnet
896 4186 993 4242 labor.
1008 4216 1042 4225 —
1054 4187 1098 4242 Gt.
1114 4188 1237 4256 Draeger
