3134 5100
812 491 970 554 -75..

378 657 491 742 gilius
502 655 548 746 (1)
562 639 733 744 primum,
747 655 881 725 deinde
893 656 1058 725 Tibullus
1071 654 1117 746 (2)
1133 656 1345 744 Propertius
1358 657 1403 744 (3)

377 770 513 858 saepius
529 776 719 856 usurpant.
738 773 815 837 Imo
829 770 888 837 vel
905 769 944 837 in
960 788 1080 857 prosae
1096 767 1275 837 orationis
1290 767 1405 856 scrip-

260 868 262 873 ’
376 881 529 962 toribus,
547 887 585 950 ut
600 881 750 950 Valerio
765 881 923 951 Maximo
939 881 986 972 (4)
1002 885 1040 950 et
1051 880 1221 950 Vitruvio
1234 880 1294 970 (5),
1311 880 1405 948 idem

376 994 838 1082 mmmmfflmm

421 1112 535 1186 Quam
564 1107 742 1175 orationis
770 1106 987 1194 pravitatem
1019 1094 1216 1174 Phaedrum
1250 1107 1406 1174 evitasse

376 1223 457 1290 haec
473 1223 564 1306 sola,
582 1241 601 1289 e
618 1221 764 1289 Phaedri
781 1239 891 1308 opere
907 1226 1071 1308 excepta,
1085 1220 1174 1289 satis
1187 1222 1405 1308 comproba·

376 1336 467 1404 bunt
484 1335 673 1422 exempla:
1227 1354 1230 1358 ⁴

352 1523 354 1528 ·
377 1501 464 1565 Quis.
481 1528 515 1539 -
528 1477 559 1567 Ι3.
575 1497 602 1568 l,
618 1497 652 1552 17
672 1499 794 1554 memini
810 1497 875 1569 quis
890 1512 940 1552 me
953 1512 1027 1552 saxo
1042 1496 1179 1568 petierit.
1200 1496 1244 1568 13,
1261 1496 1297 1552 ll
1314 1501 1407 1567 Aper·
1438 1488 1443 1497 ⁴

317 1581 322 1592 ⁶
411 1601 476 1651 turn
498 1600 547 1651 est
568 1593 634 1666 quis
656 1609 715 1650 non
736 1594 832 1666 possit
855 1593 970 1665 etquis
990 1593 1106 1664 fecerit.
1127 1595 1200 1665 Epil.
1216 1594 1251 1648 31
1270 1594 1323 1666 qui
1337 1594 1407 1663 sint,

411 1693 558 1762 requires
576 1693 602 1748 5.
618 1692 646 1763 3,
663 1693 678 1746 7
695 1694 829 1762 (sentiat)
844 1709 914 1764 quos
929 1690 1131 1763 attemptarit.
1374 1766 1379 1773 .

296 1822 298 1826 ,
362 1789 505 1859 'Qunurs
521 1822 553 1831 -
570 1793 597 1846 5.
614 1793 641 1863 5,
657 1790 692 1848 38
711 1794 753 1847 En
769 1793 818 1847 hic
832 1793 966 1848 declarat
981 1793 1082 1863 quates
1096 1790 1163 1845 sitis
1175 1792 1294 1861 judicos
1310 1793 1316 1845 l

363 1891 433 1946 AN.
449 1918 484 1929 -
498 1889 525 1945 1.
541 1889 585 1960 33,
600 1890 619 1944 4
633 1895 755 1945 tentans
771 1891 894 1945 arcibo
909 1894 1008 1960 posset
1022 1892 1098 1960 capi.
1114 1891 1160 1963 rt,
1175 1891 1193 1945 5
1212 1892 1409 1960 Interrogavit

412 2000 453 2038 an
474 1984 551 2042 bove
573 1988 645 2038 esset
664 1985 760 2040 latior.
781 1984 808 2041 l.
823 1983 885 2058 oo
901 1986 1016 2052 rogavit
1034 1968 1107 2038 essct
1125 2001 1167 2040 ari
1186 1986 1283 2040 dulcis
1301 1987 1407 2054 liquor,

413 2084 482 2150 eto,
500 2084 531 2136 et

420 2299 450 2386 β)
474 2303 562 2367 Tum
579 2320 723 2387 quoque
738 2319 758 2368 a
772 2300 918 2368 sincera
931 2300 1114 2369 latinitate
1129 2302 1329 2369 deflectunt
1349 2301 1410 2389 qui

377 2417 525 2484 Phaedri
552 2422 673 2502 aetate,
696 2417 769 2486 imo
792 2422 877 2486 ante
897 2420 977 2504 ejus
1000 2423 1147 2487 aetatem
1168 2418 1408 2506 scripserunt,

377 2554 459 2602 cum
474 2533 771 2621 conjunctionem
786 2534 874 2603 dum
890 2533 939 2623 [=
949 2534 1093 2604 interea
1107 2535 1210 2625 dum]
1229 2556 1312 2603 cum
1328 2537 1409 2605 sub-

371 2648 539 2734 junctivo
555 2649 659 2717 modo
673 2650 852 2718 efferunt:
870 2651 966 2736 quod
980 2668 1054 2717 non
1066 2651 1172 2718 modo
1183 2651 1278 2737 apud
1291 2650 1411 2719 Tibul·

412 2964 451 3034 (1)
470 2965 534 3019 AEn.
550 2962 578 3033 6,
594 2960 648 3017 (tlt
666 2978 705 3019 ue
720 2977 824 3031 quaere
843 2963 944 3018 doceri
963 2991 993 3001 —
1017 2961 1086 3027 Qoae
1103 2964 1200 3018 forma
1217 2963 1298 3018 viros
1317 2965 1410 3019 tortu·

376 3062 453 3103 nave
467 3044 582 3100 mersit.

413 3133 452 3201 (l)
472 3132 499 3188 9.
515 3132 542 3201 t,
559 3130 593 3185 l7
607 3132 671 3187 Nec
685 3131 783 3185 refero
798 3129 896 3200 quotis
906 3160 941 3171 -
955 3132 1054 3187 versis
1069 3132 1153 3187 Luna
1167 3130 1300 3209 recurrit
1313 3133 1409 3201 equis.

319 3268 320 3273 ,
412 3216 451 3287 (3)
471 3218 497 3272 1.
512 3216 539 3287 ἱ),
555 3216 573 3271 9
587 3216 698 3284 Aspice
714 3231 768 3285 quo
785 3213 935 3268 submittit
949 3217 1102 3283 (Muellerz
1120 3216 1286 3284 submittat)
1301 3216 1411 3269 humus

375 3304 508 3360 formosa
522 3302 649 3358 colores.

410 3388 486 3444 Alibi
510 3386 719 3461 subjunctivus
741 3386 828 3453 juxta
851 3386 1045 3440 indicativum
1069 3386 1228 3455 invenitur,
1255 3389 1287 3439 ut
1309 3385 1339 3439 in
1365 3383 1411 3437 his

368 3458 533 3528 versibus:
564 3471 591 3525 3.
616 3470 715 3540 8[l6]‚
738 3470 774 3524 29
797 3471 908 3539 Aspice
933 3471 1004 3539 quid
1024 3471 1112 3525 donis
1136 3471 1274 3540 Eriphyla
1296 3467 1412 3525 inuenit

376 3558 486 3611 amaris
509 3553 629 3609 Arserit
658 3560 688 3609 et
710 3555 830 3623 quantis
855 3559 949 3622 nupta
970 3555 1083 3608 Creusa
1105 3555 1201 3608 malis.
1226 3552 1262 3607 ‘28
1286 3553 1353 3623 [30],
1378 3552 1412 3604 lu

377 3632 510 3708 (canere)
538 3643 572 3692 ut
600 3639 718 3695 Semela
746 3641 789 3692 est
818 3639 1005 3706 combustus
1035 3642 1069 3691 ut
1097 3642 1140 3691 ert
1164 3638 1339 3707 deperditus
1369 3638 1409 3704 Io,

375 3724 512 3790 Denique
526 3727 559 3775 ut
574 3723 612 3775 ad
627 3722 722 3789 TroJae
737 3724 819 3779 tecta
833 3719 945 3774 volarit
961 3722 1034 3775 avis

412 3806 451 3875 (t)
471 3806 498 3861 t.
514 3805 531 3859 3
546 3806 630 3873 prael.
648 3806 841 3860 referendum
857 3810 905 3859 est
922 3811 1159 3874 quantopere-
1175 3806 1316 3861 summoti
1330 3808 1409 3858 sunt.

375 3890 402 3946 5.
419 3890 446 3961 7,
464 3895 524 3945 ext.
541 3892 553 3943 1
574 3892 636 3959 jam
650 3890 766 3963 patebit
781 3904 872 3958 quarn
887 3892 981 3945 multa
996 3922 1030 3930 -
1044 3890 1197 3961 superavit
1212 3892 1288 3962 [Car.
1305 3892 1409 3945 Halm:

377 3974 586 4043 superaverit).
611 3972 639 4027 8.
663 3973 691 4042 1,
716 3974 801 4041 praef.
824 3974 1019 4034 recordemur
1040 3972 1150 4040 quibus
1174 3974 1337 4029 decausis
1361 3976 1411 4026 aut

376 4056 505 4112 absoluti
519 4060 589 4109 sunt
604 4060 655 4111 aut
670 4057 872 4111 damnatitii.
888 4055 916 4125 8,
932 4057 977 4111 11.
993 4050 1078 4125 praelss
1362 4055 1365 4058 ’

411 4140 452 4209 (5)
471 4140 498 4193 ‘A
519 4140 603 4209 praef.
624 4154 693 4209 pag.
714 4138 749 4193 33
768 4141 1025 4207 quemadmodum
1048 4141 1086 4194 ab
1106 4141 1154 4196 his
1171 4157 1237 4196 sum
1258 4141 1410 4196 institutus

377 4240 537 4296 exponam.
