3134 5100
793 559 953 622 ..13-

358 738 438 788 esse
451 720 559 787 laude
570 717 824 788 observaveris
834 719 921 806 quia
932 719 1246 805 nonnullisritiis,
1256 721 1389 808 quibus

354 830 574 900 inficiuntur
583 831 782 918 aequalium
794 837 1044 918 opera,vacet,
1053 852 1128 901 non
1139 832 1176 900 id
1188 833 1390 902 sinedubio

352 948 538 1034 judicabis
560 949 663 1017 illius
678 949 825 1017 dicendi
841 969 959 1034 genus
979 955 1018 1018 ut
1037 969 1171 1036 magna
1186 951 1388 1036 legentium

357 1061 498 1130 animos
514 1063 678 1132 detineat
692 1065 891 1151 voluptate.

355 1326 358 1332 ·
393 1288 549 1370 ,Phaedri
565 1287 725 1357 orationi
745 1289 857 1374 longe
876 1293 1028 1376 praestat
1046 1308 1119 1375 qua
1134 1309 1222 1358 usus
1238 1295 1294 1358 est
1309 1289 1387 1356 lin·

357 1422 455 1489 gua:
474 1423 596 1490 quam,
613 1403 644 1472 si
662 1424 737 1473 non
758 1425 885 1474 eorum
905 1405 1081 1473 latinitati
1101 1425 1146 1474 ex
1165 1405 1263 1473 omni
1284 1410 1387 1492 parte

357 1524 605 1588 consentanea
632 1527 689 1587 est
718 1539 808 1605 quos
838 1520 973 1602 optime
996 1519 1110 1587 latine
1135 1520 1276 1587 locutos
1306 1538 1386 1586 esse

353 1635 512 1715 constat,
537 1635 637 1699 certe
653 1651 697 1700 ea
722 1632 854 1717 lingua
884 1634 999 1700 multo
1024 1631 1210 1719 puriorem
1237 1651 1308 1718 qua
1330 1631 1386 1699 usi

356 1749 442 1811 sunt
479 1744 641 1830 aequales
678 1746 836 1813 Pbaedro
875 1744 1095 1831 scriptoreS,
1128 1743 1384 1830 judicaverim.

355 1857 499 1926 Etenim
523 1856 614 1937 sive,
639 1857 771 1944 quibus
802 1878 890 1927 usus
916 1866 972 1926 est
996 1859 1187 1942 PbaedruS,
1209 1858 1387 1926 vocabula

355 1972 589 2056 consideras;
611 1971 701 2057 sive,
719 1973 821 2058 quali
840 1973 983 2040 ratione
1004 1974 1132 2040 eadem
1146 1979 1223 2039 tum
1239 1971 1387 2055 singula

355 2092 430 2154 tum
447 2089 643 2172 conjuncta
659 2087 881 2172 adhibuerit,
897 2087 1055 2155 attendis
1075 2094 1183 2173 atque
1204 2085 1386 2172 inprimis

356 2204 536 2290 quomodo
561 2204 720 2288 casibus,
744 2204 984 2290 temporibus,
1006 2203 1123 2271 modis
1144 2222 1233 2270 usus
1254 2201 1385 2286 luerit3

356 2319 432 2387 sive
462 2319 620 2406 denique
651 2339 778 2388 omnes
806 2321 892 2388 illas
920 2321 1120 2408 particulas
1150 2322 1322 2389 observas
1350 2327 1388 2387 et

356 2433 590 2524 quibuscum
609 2435 797 2518 proecipuo
819 2435 973 2510 subjecto
996 2435 1191 2502 verborum
1214 2452 1385 2519 compre-

355 2547 486 2617 hensio
502 2548 548 2637 (l)
565 2549 803 2635 conjungitur
818 2557 854 2617 et
869 2549 1001 2635 quibus
1016 2570 1098 2637 quae
1118 2554 1203 2617 sunt
1222 2549 1387 2635 ejusdem

355 2665 496 2733 ordinis
512 2668 705 2735 verborum
719 2668 1067 2753 comprehensiones
1083 2667 1181 2734 inter
1197 2686 1236 2734 se
1256 2668 1386 2734 cobae-

353 2782 467 2846 rent:
490 2779 567 2845 tere
590 2780 693 2846 nulla
714 2785 769 2847 est
786 2780 825 2846 in
846 2781 1002 2848 Phaedro
1024 2779 1205 2847 sermonis
1225 2778 1387 2865 pravitas

355 2893 444 2980 quin
467 2896 562 2981 apud
585 2914 661 2979 eos,
683 2894 746 2981 qui
767 2896 922 2964 Phaedro
945 2897 1107 2982 aequales
1129 2895 1289 2977 suerunt,
1310 2894 1387 2960 imo

353 3025 618 3092 nonnunquam
634 3013 717 3075 ante
734 3010 897 3093 ejusdem
913 3013 1059 3077 aetatem
1073 3008 1255 3091 vixerunt,
1271 3024 1385 3092 repe-

354 3120 490 3207 riatur3
517 3115 645 3189 contra
675 3140 730 3206 ea,
759 3122 885 3189 multis
913 3122 1110 3208 eloquendi
1129 3120 1229 3191 vitiis
1259 3140 1386 3188 eorum

355 3233 574 3321 scriptorum
610 3254 722 3322 opera
757 3235 893 3322 saepius
930 3235 1185 3323 inquinantur,
1220 3255 1302 3322 quae
1338 3254 1386 3302 ne

351 3351 469 3417 semel
483 3348 628 3436 quidem
644 3349 683 3416 in
698 3351 855 3418 Phaedro
871 3350 990 3437 possis
1006 3352 1289 3438 reprehendere„

398 3568 487 3635 Cum
505 3570 626 3635 autem
648 3572 767 3654 poetae
789 3566 992 3635 orationem
1009 3567 1047 3635 in
1068 3570 1244 3654 opusculo
1260 3573 1386 3635 nostro

353 3681 562 3768 perspicere
593 3683 759 3767 debeam,
794 3687 985 3768 poetarum
1013 3682 1198 3771 praecipue
1228 3683 1386 3750 Phaedro

354 3794 566 3881 aequalium,
603 3795 751 3880 Tibulli,
788 3794 984 3882 Propertii,
1024 3795 1142 3863 Ovidii
1181 3796 1409 3866 orationem

352 3908 499 3995 penitus
520 3909 801 3978 examinandam
821 3929 902 3977 esse
922 3908 1083 3995 credidi;
1104 3909 1187 3977 ideo
1203 3928 1290 3977 vero
1309 3928 1384 3976 non

388 4206 427 4274 (l)
448 4207 501 4261 His
514 4206 616 4261 verbis
630 4207 812 4276 interpretor
826 4208 907 4273 quod
922 4202 952 4262 in
967 4210 1072 4276 gallico
1092 4223 1233 4264 sermone
1254 4209 1386 4278 appella-

352 4305 439 4346 mus:
457 4292 644 4360 proposition
655 4290 838 4363 pm'oclpale,
852 4305 938 4363 prop.
956 4294 1168 4349 subordooncc.
