3134 5100
603 505 760 567 ..73-

164 665 254 734 jussit
268 665 366 738 ipsum
380 667 478 736 posito
493 667 631 736 praemio.
659 666 689 721 3.
708 665 753 737 10,
773 664 809 719 11
824 665 958 721 dormire
980 670 1199 722 malefactum

163 760 307 829 jusserat.

210 960 242 1050 γ)
265 967 378 1041 Quam
398 962 554 1030 licenter
575 967 693 1050 poetae
716 982 799 1032 cum
819 961 1002 1031 infinitivo
1018 948 1197 1049 adjectitia

168 1076 318 1144 nomina
332 1079 571 1163 conjungant,
589 1075 713 1163 qualia
735 1079 909 1159 «doctus,
926 1076 1108 1162 indoctus,
1125 1080 1196 1146 do-

167 1190 269 1276 cilis,
297 1191 490 1273 indocilis,
515 1190 678 1276 patiens,
706 1189 923 1276 impatieuS,
951 1198 1100 1277 potens,
1126 1191 1198 1259 im-

167 1309 309 1390 potenS,
327 1306 458 1389 bonus,
483 1304 596 1389 utilis,
619 1309 740 1389 etc»,
763 1305 938 1372 neminen
954 1305 1147 1394 praeterit(
1170 1306 1195 1394 ).

166 1425 242 1513 lmo
272 1420 441 1489 nonnulli
472 1440 619 1504 eorum,
646 1421 707 1507 qui
739 1427 822 1508 post
848 1421 1004 1505 Augusti
1034 1427 1198 1509 tempora

165 1554 275 1623 prosa
298 1535 463 1603 oratione
489 1539 574 1602 sunt
595 1535 708 1602 locuti
729 1534 796 1623 (2),
822 1536 987 1627 eamdem
1009 1535 1198 1604 licentiam

165 1648 302 1734 saepius
332 1646 570 1714 admiserunt.
602 1648 715 1732 Cujus
744 1646 889 1714 vitiosae
918 1646 1115 1714 locutionis
1151 1668 1197 1716 ne

165 1781 279 1830 unum
295 1761 442 1849 quidem
465 1762 671 1848 exemplum
694 1763 790 1848 apud
806 1763 1002 1830 Phaedrum
1018 1762 1195 1850 reperias,

205 1991 235 2078 δ)
259 1989 364 2074 Quid,
389 1992 484 2076 quod
507 1994 588 2076 post
608 2008 650 2056 ea
672 1990 804 2073 verba,
829 1987 962 2075 quibus
977 1988 1074 2056 inest
1095 1988 1196 2056 notio

155 2103 408 2188 permittendi,
423 2101 547 2189 qualia
564 2103 860 2186 «derationare,
875 2103 1033 2186 tradere,
1048 2102 1196 2186 dedere,

161 2216 434 2298 committere»,
445 2216 607 2302 aequales
619 2215 775 2283 Phaedro
789 2214 1000 2300 scriptores
1013 2214 1197 2282 interdum

162 2335 276 2403 etiam
303 2333 445 2422 priores
475 2333 521 2422 (3)
558 2331 781 2401 infinitivum
820 2331 966 2398 modum
1000 2330 1195 2415 adhibent,

161 2452 340 2518 Phaedrus
356 2454 491 2533 autem,
516 2453 555 2516 ut
570 2446 728 2535 optimus
747 2445 903 2533 quisquo
919 2443 1088 2532 scriptor,
1105 2464 1195 2532 par-

160 2562 290 2651 ticipio
305 2562 433 2631 in-dus
448 2561 639 2630 desinente
656 2560 771 2628 utitur
785 2562 799 2627 t

128 2776 130 2780 ,
213 2720 237 2774 Ι.
258 2718 303 2789 tt,
318 2716 355 2772 16
374 2718 426 2773 Cui
442 2716 616 2770 calceandos
631 2729 720 2770 nemo
735 2712 883 2768 commisit
897 2715 1004 2782 pedes

257 2812 302 2883 31,
338 2813 348 2867 1
372 2813 426 2879 Qui
443 2827 477 2868 se
492 2809 655 2865 committit
669 2810 782 2865 homini
799 2808 960 2863 tutandum
973 2809 1120 2877 improbo.

202 3021 231 3111 ε)
257 3021 369 3105 Quid,
400 3022 495 3107 quod
526 3018 688 3105 aequales
718 3017 875 3096 Phaedro
904 3019 1022 3102 poetae
1051 3014 1196 3102 ipsique

157 3156 279 3225 prosae
296 3133 473 3203 orationis
494 3132 692 3219 scriptores
709 3150 792 3198 cum
809 3128 932 3197 verbis
948 3134 1085 3196 motum
1102 3127 1196 3195 indi-

158 3316 499 3326 —-.——-—-..--.-—.-..

193 3395 235 3464 (1)
255 3396 299 3451 ul.
319 3396 443 3462 Draeger
457 3390 487 3447 1.
506 3407 539 3461 p.
559 3391 622 3461 370,
640 3406 690 3459 sq.

194 3481 235 3550 (2)
255 3480 397 3548 Exemplo
422 3478 462 3533 sit
484 3477 620 3532 Valerius
644 3475 811 3530 Maximus:
840 3472 870 3526 1.
898 3471 917 3526 6
939 3472 1033 3548 praet.
1059 3472 1194 3542 coquosci

157 3565 265 3620 11111111.
284 3565 314 3619 6.
333 3564 361 3633 8,
378 3564 395 3617 5
410 3563 541 3616 arduum
556 3559 703 3631 dipuosci.
723 3559 752 3613 7.
771 3558 800 3627 3,
817 3555 915 3626 61191
925 3554 1059 3626 difficilis
1075 3558 1188 3627 (gens).

194 3653 338 3719 Exemplo
355 3650 394 3705 sit
408 3662 529 3718 quoque
542 3647 694 3702 Vitruvius
707 3660 713 3699 :
728 3644 759 3699 6.
778 3643 806 3713 1,
818 3657 851 3711 p.
865 3642 919 3697 135
935 3640 1102 3697 timidiores
1112 3645 1190 3700 terro

156 3739 337 3889 νθῖἒῗθῶθτθ.
356 3819 423 3872 AEn.
444 3818 469 3871 Ι.
489 3816 525 3871 65
539 3815 592 3870 tihi
608 3818 639 3868 et
652 3814 784 3867 mulcere
800 3809 885 3865 dedit
909 3812 1019 3865 fluctus
1038 3815 1069 3865 et
1085 3812 1190 3867 tollere

157 3910 262 3960 vento.
291 3901 343 3956 523
364 3914 472 3955 novam
497 3900 544 3953 cui
569 3897 695 3951 condere
718 3896 834 3965 Jupiter
852 3893 1070 3950 urbem-dedit.
1098 3896 1143 3952 cl.
1161 3897 1188 3966 5,

156 3991 223 4047 247.
242 3991 294 4047 307
311 3995 425 4045 eto...

194 4080 268 4132 Hor.
288 4077 352 4131 Sat.
370 4074 401 4128 1.
419 4074 446 4142 3,
462 4071 511 4127 tut
529 4073 564 4128 Di
579 4072 632 4126 tibi
647 4071 720 4125 dent
734 4072 865 4125 classem
880 4069 1038 4124 deducam.

195 4160 282 4215 Ovid.
302 4160 343 4213 M.
363 4158 389 4227 5,
405 4156 521 4213 6196111
541 4170 624 4225 saepe
649 4152 759 4208 dedisti
781 4153 864 4223 serre
884 4158 954 4209 tuos
973 4166 1075 4207 arcus.
1093 4152 1184 4207 Trist.

157 4244 187 4301 3.
206 4246 234 4316 5,
249 4243 282 4299 ‘ll
299 4245 334 4299 Di
349 4244 401 4300 tibi
418 4242 553 4298 1111111111
568 4241 728 4313 defendere
743 4253 878 4310 semper.
