3134 5100
785 490 945 552 ..94-

350 649 497 718 Phaedri
512 653 730 720 Fabularum
744 653 906 741 quinque
920 653 1040 739 libris,
1056 672 1146 740 quos
1160 674 1204 722 eo
1217 661 1376 741 tempore

351 773 615 849 recognoverat
630 766 689 855 (1),
718 768 835 836 voluit
866 769 1043 836 inserere.
1072 771 1267 855 Exemplar
1293 789 1377 836 vero

351 879 456 963 illud,
474 882 578 966 cujus
594 889 721 949 auctor
735 883 856 950 fuerat
870 882 1062 969 Philippus
1078 884 1263 967 d’Orville,
1284 885 1377 950 haud

351 992 403 1059 ita
418 994 531 1060 multo
545 1001 626 1080 post
641 995 814 1063 evanuit:
839 997 934 1080 quod
952 995 1098 1082 quidem
1115 1015 1158 1063 eo
1175 995 1325 1080 gravius
1345 1003 1379 1062 et

352 1106 554 1174 luctuosius
571 1113 661 1191 erat,
679 1110 774 1194 quod
786 1110 864 1194 jam
879 1109 1031 1192 nemini,
1049 1109 1112 1177 ubi
1128 1111 1270 1177 detecta
1285 1115 1380 1176 esset

352 1219 490 1287 Perotti
506 1221 682 1304 Epitome,
703 1226 830 1288 uotum
845 1227 936 1289 erat.
953 1224 1111 1290 Tandem
1127 1227 1312 1308 repertum
1328 1228 1380 1288 est

352 1332 444 1399 illud
467 1336 681 1419 opusculum
705 1355 778 1402 non
802 1339 944 1402 Parmae
961 1337 1120 1422 quidem,
1144 1338 1208 1403 sed
1227 1335 1379 1421 Neapoli

353 1468 438 1534 quo,
454 1455 536 1534 post
551 1449 634 1518 illas
651 1470 773 1518 rerum
790 1453 1010 1519 mutationes
1029 1451 1160 1537 quibus
1176 1451 1283 1519 Italia
1297 1471 1381 1537 per-

253 1627 255 1632 .
352 1562 497 1630 turbata
513 1569 604 1647 erat,
626 1563 735 1630 simul
756 1584 838 1631 curn
856 1565 980 1632 multis
997 1565 1081 1632 aliis
1098 1564 1203 1632 libris
1219 1565 1380 1630 transla-

352 1681 429 1742 tum
445 1681 524 1742 erat
539 1676 598 1762 (2).
616 1739 621 1748 .

396 1791 468 1858 Vix
497 1796 618 1858 autem
646 1791 801 1876 triginta
829 1791 905 1859 illae
935 1793 1083 1877 tabulae,
1121 1799 1311 1878 postquam
1340 1812 1383 1859 ex

353 1903 543 1972 hominum
572 1906 748 1973 memoria
771 1907 909 1973 tamdiu
937 1907 1160 1988 exciderant,
1188 1908 1335 1974 tandem
1364 1925 1386 1974 a

353 2017 517 2086 tenebris
532 2024 568 2085 et
583 2019 780 2104 oblivione,
803 2022 991 2088 doctorum
1005 2021 1167 2088 virorum
1184 2020 1229 2108 (3)
1250 2020 1384 2106 gratia,

354 2138 535 2199 revocatae
549 2138 646 2216 sunt,
659 2153 741 2200 cum
755 2133 853 2200 inter
867 2133 1047 2202 litteratos
1058 2134 1226 2202 homines
1239 2153 1386 2219 magnae

354 2246 550 2332 longaeque
567 2252 702 2314 coortae
717 2252 801 2313 sunt
812 2249 1086 2341 controversiae.
1103 2251 1276 2331 Fuerunt,
1288 2249 1387 2315 inter

355 2379 445 2446 quos
475 2360 659 2447 praecipue
684 2363 782 2447 Adry
804 2361 816 2450 (
839 2361 863 2449 ),
890 2364 1021 2430 Jacobs
1046 2361 1106 2449 (5),
1137 2363 1318 2429 Flentelot
1338 2361 1386 2447 (6)

355 2473 633 2552 nominaverim,
662 2475 723 2562 qui
746 2495 922 2542 novarum
946 2477 1165 2545 fabellarum
1189 2477 1387 2543 Phaedrum

355 2595 540 2657 auctorem
566 2610 646 2658 esse
667 2592 885 2675 negaverint
913 2593 1039 2659 etalii
1068 2591 1251 2677 scriptori,
1278 2610 1387 2677 quem

356 2706 502 2790 quidem
523 2725 595 2772 non
617 2714 765 2792 possent
788 2707 999 2789 nominare,
1024 2726 1086 2775 eas
1107 2706 1385 2791 adscripserint.

354 2819 460 2887 Multi
484 2838 584 2903 vero,
609 2839 628 2888 e
651 2820 783 2905 quibus
804 2820 1105 2888 excellentissimi
1126 2820 1275 2886 fuerunt
1289 2822 1385 2886 Jan-

392 3133 431 3202 (1)
450 3132 568 3189 Phaedri
581 3134 708 3200 Augusti
723 3134 835 3187 Liberti
848 3134 1026 3188 Felrularum
1050 3134 1238 3201 AEsopiarum
1261 3134 1327 3188 libri
1343 3135 1384 3187 V.

357 3218 429 3272 Cum
454 3232 530 3271 novo
556 3216 771 3271 commentario
796 3218 875 3271 Petri
899 3218 1070 3271 Burmanni.
1095 3218 1205 3272 Leidae.
1228 3218 1314 3285 Apud
1336 3219 1391 3272 Su-

356 3302 486 3355 rnuelem
500 3300 714 3355 Luchtmanns
730 3302 759 3355 M
773 3302 796 3355 D
813 3301 856 3355 CC
870 3302 980 3356 XXVII.

393 3386 432 3456 (2)
446 3387 539 3441 Vide:
566 3387 725 3442 Nouvelles
749 3385 845 3440 lehles
870 3387 908 3439 de
932 3386 1059 3454 Phedre,
1086 3386 1233 3439 traduites
1257 3400 1391 3440 envers

357 3472 475 3526 italieus
489 3486 543 3540 par
564 3471 601 3524 M.
626 3471 743 3537 Petronj¹
770 3476 853 3525 etun
876 3485 967 3537 prose
982 3471 1131 3536 franceise
1145 3485 1201 3539 par
1220 3472 1257 3524 M.
1274 3470 1391 3536 Bagioli

357 3570 431 3610 aveo
458 3557 503 3610 les
534 3560 621 3610 notes
645 3556 753 3609 latines
782 3555 820 3608 de
845 3554 976 3608 l’edition
1000 3556 1144 3622 originale
1169 3560 1199 3609 et
1219 3553 1391 3623 precedees

358 3643 447 3696 d'une
462 3641 582 3708 presure
606 3640 754 3704 franceise
778 3653 834 3706 par
856 3640 893 3692 M.
912 3640 1076 3707 Ginguene,
1094 3640 1229 3692 membre
1251 3640 1290 3691 de
1303 3638 1393 3691 l'lns-

358 3727 426 3779 litut
440 3725 575 3793 imperial
590 3725 628 3778 de
643 3726 766 3777 Frauoe.
783 3724 876 3776 Puris
894 3724 991 3776 Didot.
1009 3722 1088 3791 1812,
1104 3723 1179 3790 pref.
1196 3738 1225 3790 p.
1243 3722 1286 3776 15.

394 3808 433 3877 (3)
452 3810 553 3863 Abbas
569 3810 616 3862 ille
632 3808 827 3861 doctissimus
841 3808 969 3875 andree,
987 3808 1185 3876 neapolitanae
1198 3807 1393 3861 bibliothecae

358 3909 485 3963 praeseS,
502 3894 687 3948 Perottinum
713 3892 849 3947 codicem
873 3892 991 3946 videtur
1014 3893 1170 3947 detexisse
1194 3892 1295 3960 (Leop.
1312 3892 1393 3945 Her-

358 3980 456 4035 vieux.
474 3995 504 4048 p.
521 3978 582 4048 ltu,
600 3980 676 4046 sq).

395 4065 433 4133 (t)
453 4066 584 4119 Examen
601 4066 656 4119 des
672 4066 827 4120 nouvelles
843 4064 961 4132 Fables,
978 4064 1072 4133 Pario,
1088 4062 1168 4118 1812.

394 4150 434 4217 (5)
453 4146 970 4217 AllgemeineSohulzeitung,1832.
987 4149 1043 4203 vol.
1060 4146 1152 4202 66-67.

395 4235 434 4305 (6)
452 4236 571 4292 Niserdi
586 4238 651 4292 coll.
667 4251 696 4304 p.
713 4234 776 4290 707.
