3134 5100
540 490 754 563 Ι-91-

207 663 374 731 Liberius
391 663 537 750 quidem
554 667 589 729 et
603 661 825 730 insolentius
836 663 1067 748 quambonos
1079 661 1192 749 scrip-

164 780 257 843 tores
278 775 459 843 infinitivo
482 777 588 842 modo
611 777 807 842 Phaedrum
830 794 935 841 usum
958 793 1038 841 esse
1061 779 1190 841 osten-

164 887 299 955 dimus:
319 889 381 954 sed
398 889 524 954 eadem
542 907 614 954 non
629 888 746 954 solum
763 888 858 972 apud
875 887 1050 971 aequales,
1063 906 1191 953 verum

164 1003 269 1069 etiam
305 1002 489 1069 interdum
523 1003 617 1088 apud
655 1001 797 1088 priores
838 1000 1053 1087 reperimus.
1097 1001 1190 1078 Quin
1211 1058 1219 1072 .

164 1115 270 1183 etiam
301 1116 436 1202 saepius
465 1116 659 1182 Phaedrum
690 1133 779 1200 pure
810 1119 846 1180 et
874 1115 1064 1181 emendate
1089 1113 1190 1200 loqui

162 1231 330 1314 vidimus,
355 1230 417 1298 uhi
441 1231 602 1316 aequales
625 1249 646 1296 a
669 1228 814 1296 sincera
835 1229 1017 1297 latinitate
1042 1228 1191 1295 omnino

162 1347 346 1429 recedant,
361 1344 493 1431 quippe
512 1344 573 1430 qui
590 1349 626 1410 et
641 1343 863 1410 infinitivum
878 1345 1023 1410 modum
1039 1349 1121 1430 post
1131 1346 1191 1410 ad-

156 1459 292 1544 jeotiva
308 1458 457 1526 nomina
473 1464 582 1544 atque
594 1477 636 1524 ea
651 1459 763 1525 verba
779 1477 861 1542 quae
878 1457 1113 1543 permittendi
1130 1477 1192 1524 no-

161 1574 296 1640 tionem
313 1579 522 1658 motumque
539 1572 716 1655 iudicant,
738 1576 774 1637 et
789 1570 1027 1638 indicativum
1043 1573 1190 1638 modum
1215 1598 1217 1602 ¹

161 1684 198 1752 in
218 1685 367 1772 obliqua
384 1683 675 1768 interrogatione
691 1683 912 1750 insolentius
928 1684 1138 1751 adhibeant.

203 1802 303 1878 Quod
320 1802 365 1867 ad
381 1799 579 1885 particulas
596 1818 658 1866 eas
675 1803 827 1884 spectat,
846 1797 977 1884 quihus
991 1819 1073 1866 oum
1082 1818 1189 1883 prce-

159 1917 261 2000 cc'poo
288 1917 442 1992 subjecto
468 1915 663 1981 verborum
687 1914 966 2000 comprehensio
992 1915 1191 2000 conjungi-

160 2038 229 2115 tur,
257 2031 297 2098 in
324 2032 393 2098 hoc
419 2030 564 2116 quidem
594 2049 674 2098 esse
703 2049 832 2115 parum
859 2029 1013 2096 latinum
1043 2014 1190 2097 Phaedri

160 2163 365 2212 sermonem
390 2143 560 2226 diximus,
591 2143 686 2229 quod
715 2141 752 2208 in
779 2141 1070 2226 interrogatione
1095 2143 1188 2210 sim-

160 2259 253 2345 plice
269 2279 342 2326 non
361 2278 453 2340 «ne,
472 2277 592 2323 num»
611 2258 674 2324 sed
692 2279 710 2320 «
727 2276 772 2324 an
789 2278 807 2321 »
826 2257 1075 2343 usurpaverit3
1092 2258 1189 2326 idem

158 2396 243 2444 vero
265 2376 324 2443 vel
347 2376 441 2461 apud
462 2373 604 2460 priores
625 2390 818 2439 occurrere
841 2370 1165 2439 animadvertimus
1178 2392 1188 2456 3

159 2497 233 2559 tum
258 2509 469 2578 nouusque
497 2509 540 2557 eo
565 2489 760 2557 Phaedrum
785 2488 971 2573 progredi,
1002 2493 1042 2555 ut
1063 2495 1126 2556 aut
1150 2488 1189 2556 in

160 2609 325 2695 simplice
354 2607 645 2691 interrogatione
675 2604 893 2691 particulam
920 2606 1033 2671 «si»
1062 2612 1124 2673 aut
1150 2606 1188 2672 in

158 2724 370 2799 disjunctiva
386 2743 404 2786 ‹<
418 2740 462 2787 ne
477 2757 519 2771 -
531 2739 597 2804 ne3
616 2739 663 2786 an
676 2737 777 2785 -an
791 2740 809 2782 »
832 2718 1031 2804 particulas
1047 2720 1186 2786 efferat.

202 2835 399 2903 Particulis
426 2834 583 2920 denique
607 2833 674 2917 eis,
699 2832 830 2918 quibus
858 2833 1064 2918 complures
1090 2835 1191 2918 ejus-

160 2949 240 3014 dem
271 2946 411 3014 ordinis
434 2948 628 3019 verborum
656 2944 1005 3031 comprehensiones
1027 2944 1125 3012 inter
1150 2965 1189 3013 se

160 3061 389 3146 copulantur,
401 3058 537 3145 saepius
548 3057 982 3144 aequaleS,somelautem
994 3057 1190 3126 Phaedrum

158 3174 289 3243 vitiose
306 3194 411 3242 usum
427 3194 507 3243 esse
523 3174 768 3260 probavimus

203 3289 295 3368 Quid
311 3291 444 3375 plural
473 3287 771 3373 Quandoquidem
793 3287 887 3354 nihil
911 3292 967 3354 est
987 3287 1026 3353 in
1043 3288 1190 3355 Phaedri

160 3404 325 3471 oratione
340 3403 512 3470 vitiosum
529 3404 624 3489 quod
642 3422 715 3469 non
730 3402 825 3487 apud
842 3402 1004 3487 aequales
1020 3401 1189 3487 reperia-

134 3510 136 3513 ’
159 3523 229 3602 tur,
255 3519 369 3584 multa
385 3536 471 3583 vero
494 3523 579 3582 sunt
601 3518 695 3601 apud
717 3535 778 3582 eos
795 3486 973 3582 mendosa
998 3534 1079 3601 quae
1096 3535 1189 3582 nus-

160 3652 268 3717 quam
285 3632 322 3699 in
339 3632 495 3699 Phaedro
509 3632 770 3716 reprehendas,
786 3628 970 3715 puriorem
985 3628 1190 3715 aequalibus
1218 3690 1222 3696 .

160 3749 195 3810 et
217 3744 503 3811 emendatiorem
525 3762 607 3809 eum
627 3742 835 3810 habendum
852 3760 946 3824 esse,
970 3743 1048 3825 Jam
1071 3740 1192 3806 mani-

160 3858 252 3926 festo
271 3852 433 3944 app'aret.
