3134 5100
675 525 833 627 -83'-

241 727 406 812 ejusdem
420 725 561 796 ordinis
578 746 644 814 per
663 746 730 811 que
744 731 837 795 -et
851 726 898 816 (l)
918 746 1182 814 nonnunquam
1197 732 1272 812 aut,

241 840 337 926 quod
353 844 426 908 non
442 839 563 909 minus
576 839 747 910 vitiosum
765 847 833 926 est,-
849 860 916 929 per
929 859 1121 926 que-que
1133 840 1180 931 (2)
1193 860 1274 928 par·

241 951 375 1020 ticulas
398 953 587 1045 conjungi.
612 955 698 1023 Ideo
719 972 807 1022 vero
831 955 1010 1022 Phaedrus
1033 952 1274 1042 scriptoribus

242 1063 390 1151 optimis
406 1065 538 1134 similis
554 1072 622 1152 est,
640 1068 734 1155 quod
757 1072 842 1135 ante
860 1068 1142 1155 unumquodque
1159 1085 1273 1134 voca-

237 1181 368 1247 bulum
381 1182 630 1250 membrumve
644 1181 942 1268 conjunctionem
961 1185 1062 1250 «ets
1079 1181 1189 1249 iterat
1208 1180 1273 1269 (Cf.

240 1295 400 1380 Madvig.
418 1296 534 1385 5435)
552 1314 560 1364 :

278 1449 365 1521 145,
381 1449 399 1504 2
418 1451 547 1506 Consilia
562 1451 612 1518 qui
632 1451 705 1505 dant
722 1465 816 1520 prava
844 1451 940 1505 cautis
959 1451 1131 1506 hominibus
1151 1448 1193 1504 Et
1206 1464 1277 1520 per-

233 1545 318 1599 ¹dunt
336 1559 459 1614 operam
479 1547 508 1598 et
524 1545 849 1624 deridentur-turpiter.
869 1543 897 1600 3.
912 1544 940 1615 4,
955 1544 973 1598 6
987 1547 1017 1598 et
1029 1545 1179 1600 formosos
1192 1559 1276 1614 saepe

241 1642 343 1696 inveni
357 1641 509 1710 pessimos
527 1639 569 1695 ut
584 1641 662 1710 turpi
677 1641 753 1696 facie
767 1642 879 1696 multos
898 1641 1025 1708 cognovi
1043 1641 1183 1710 optimos.
1194 1641 1231 1695 4.
1247 1640 1275 1711 7,

240 1735 278 1790 12
293 1741 322 1790 et
337 1738 460 1806 superbi
474 1739 557 1805 luget
573 1767 606 1776 —
623 1739 653 1790 et
667 1751 773 1805 regna.
785 1775 810 1791 ..

288 1946 318 2032 β)
342 1946 431 2014 Cum
446 1946 609 2030 ejusdem
626 1932 767 2013 ordinis
783 1943 855 2014 tria
871 1946 1034 2014 membra
1045 1964 1198 2014 vocesve
1215 1950 1278 2013 aut

151 2115 153 2119 .
242 2061 351 2146 plura
366 2045 484 2128 tribus
500 2059 776 2145 continuantur,
794 2061 874 2135 haec
895 2065 950 2128 est
964 2060 1144 2128 bonorum
1159 2059 1279 2147 scrip-

242 2181 363 2242 torum
393 2174 632 2259 consuetudo,
663 2180 703 2243 ut
731 2180 795 2241 aut
820 2175 983 2243 membra
1009 2174 1075 2242 illa
1096 2194 1277 2262 vocesque

244 2288 372 2356 eadem
389 2288 649 2374 conjunctione
670 2294 773 2357 cet»
793 2294 1015 2357 connectant
1029 2295 1104 2375 aut,
1121 2288 1278 2376 demptis

243 2402 580 2488 conjunctionibus,
612 2421 656 2470 ea
685 2402 834 2488 singula
860 2402 1053 2471 enuntient
1075 2403 1134 2492 (3).
1165 2407 1278 2481 Quam

282 2686 322 2756 (1)
340 2688 402 2742 Tib.
418 2687 441 2743 Ι.
458 2688 485 2758 1,
502 2687 537 2742 35
557 2689 611 2743 Hic
630 2702 686 2757 ego
705 2694 917 2760 pastoremque
937 2704 1040 2744 meum
1059 2692 1188 2746 lustrare
1207 2705 1281 2759 quo-

242 2771 345 2825 tannis
363 2768 405 2824 Et
422 2771 571 2839 placidam
591 2802 625 2811 —
645 2786 790 2841 spargere
812 2774 889 2828 lacte
911 2770 1023 2829 Palem.
1041 2773 1068 2844 3,
1098 2774 1134 2828 25
1149 2788 1280 2844 pureque

241 2853 385 2907 lavari-
399 2852 442 2907 Et
459 2869 534 2924 puro
555 2856 734 2910 secubuisse
753 2860 829 2911 toro.
849 2855 877 2926 9,
895 2855 983 2912 69-70
1003 2871 1132 2928 auroque
1151 2859 1280 2913 lacertos

221 2935 408 2989 ·Vinciat'et
426 2938 562 3005 prodeat.
586 2936 631 3007 10,
652 2938 688 2991 43
710 2940 856 3016 liceatque
877 2945 968 3009 caput
989 2941 1174 2995 candescere
1196 2941 1280 2995 canis

241 3018 401 3086 Temporis
416 3022 445 3071 et
459 3019 551 3088 prisci
565 3021 645 3075 lacta
659 3022 783 3078 referre.

283 3101 367 3157 Ovid.
383 3103 421 3158 M.
438 3104 460 3157 Ι.
476 3104 563 3159 29-30
579 3106 785 3176 elementaque
801 3110 927 3175 grandia
945 3109 1035 3163 traxit
1055 3106 1097 3162 Et
1110 3122 1219 3178 pressa
1234 3113 1281 3163 est

242 3186 392 3254 gravitate
418 3189 473 3243 sui.
494 3189 521 3243 4.
542 3189 594 3244 147
618 3194 793 3262 vestemque
819 3208 907 3248 suam
931 3195 1070 3263 cognovit
1094 3199 1175 3247 et-
1195 3194 1279 3249 vidit.

242 3270 273 3339 5,
289 3268 348 3337 616Ι
361 3272 535 3342 sonitusque
549 3274 662 3341 pedum
677 3276 813 3330 terrebat
831 3280 861 3329 et
876 3278 1017 3346 ingens...
1037 3278 1065 3348 7,
1081 3277 1131 3332 541
1148 3280 1281 3348 lanaeque

242 3353 359 3409 cadunt
373 3358 402 3407 et
417 3369 543 3425 corpora
557 3358 671 3413 tabent.
693 3396 696 3403 -
1192 3390 1195 3394 ²

282 3440 384 3509 Vellej.
410 3441 436 3496 2.
458 3442 485 3512 3,
509 3443 523 3497 1
546 3445 737 3515 privatusque
759 3450 789 3500 et
807 3451 937 3515 togatus.
963 3448 1038 3517 77‚l
1066 3463 1134 3504 curn
1160 3450 1189 3503 in
1214 3451 1282 3504 navi

242 3526 455 3597 Caesaremque
471 3531 500 3581 ot
513 3529 674 3584 Antonium
690 3532 854 3600 exciperet.

282 3610 354 3665 Vitr.
378 3610 404 3666 ἱ).
426 3611 442 3665 1
467 3628 496 3681 p.
518 3612 553 3667 34
576 3615 735 3685 mundique
761 3620 797 3668 et·
809 3621 968 3671 astrorum.
993 3617 1020 3673 5.
1046 3618 1060 3672 1
1087 3634 1117 3687 p.
1141 3617 1194 3673 104
1217 3633 1282 3675 cre-

242 3694 366 3765 brisque
380 3698 526 3753 columnis
542 3704 569 3751 et
585 3700 712 3767 lapideis
727 3705 779 3755 aut
793 3702 970 3757 marmoreis
986 3704 1141 3773 epistyliis

284 3778 324 3848 (2)
343 3782 599 3849 Frequentissime
615 3785 695 3852 apud
710 3790 818 3854 poetas
837 3788 1029 3842 inveniuntur
1037 3788 1091 3843 naa
1106 3790 1279 3860 particulae3

243 3864 349 3919 minus
381 3866 555 3934 frequenter
587 3871 667 3937 apud
696 3884 803 3943 prosae⁴
828 3873 971 3927 orationis
1001 3874 1176 3942 scriptores.
1211 3875 1283 3928 Haee

243 3953 350 4002 tamen
365 3951 504 4018 exempla
519 3966 536 4005 e
556 3952 668 4022 Vellejo
684 3955 790 4022 excepi
808 3970 814 4008 :
830 3956 932 4024 VelleJ.
948 3955 975 4010 2.
992 3956 1054 4027 113,
1071 3957 1083 4010 1
1103 3958 1209 4028 quique
1225 3958 1282 4012 sub

244 4035 369 4090 Caesare
397 4036 515 4091 fuerant
548 4038 654 4108 quique
683 4038 721 4093 ad
751 4054 821 4094 eum
848 4045 1003 4095 venerant.
1033 4041 1060 4096 1.
1095 4042 1130 4096 12
1158 4058 1282 4113 eamque

243 4120 355 4174 urbem
385 4122 482 4189 magis
509 4122 620 4177 invidia
643 4124 765 4178 sustulit
792 4126 918 4196 fecitque
946 4142 1012 4183 suae
1034 4129 1152 4183 virtutis
1176 4130 1306 4184 monu-⁴

243 4209 394 4260 mentum.

244 4342 249 4349 .
286 4289 326 4358 (3)
345 4284 472 4360 Madvig.
493 4292 556 4347 Lat.
574 4292 697 4361 Sprach.
714 4290 804 4363 §lau
822 4296 946 4365 Draeger
962 4266 1031 4353 hist.
1050 4298 1173 4370 Synti.
1190 4298 1216 4355 1.
1234 4315 1280 4371 sq.
