3134 5100
615 595 795 661 ,409-

229 761 257 849 ε)
281 760 405 839 Quinti
422 760 525 848 pedis
541 761 656 846 arsin,
678 760 751 830 nisi
766 761 984 830 vocabulum
1005 762 1088 848 plus
1109 777 1217 849 quam
1329 834 1332 839 ⁴

185 876 417 962 trisyllabum
443 896 635 945 numerum
665 877 824 959 claudat,
852 895 926 944 non
951 876 1039 945 licet
1064 877 1215 946 exsolvi.

144 983 146 986 ’
186 990 367 1059 Desciisse
397 990 544 1078 quidem
571 993 617 1060 ab
640 991 705 1060 illa
731 992 816 1076 lega
840 992 907 1060 hos
932 1010 1062 1060 versus
1091 992 1217 1062 credi-

186 1105 315 1175 deris:
690 1103 695 1116 ‘

222 1233 249 1288 5.
265 1231 292 1302 7,
307 1231 344 1287 22
363 1232 488 1298 Quidam
503 1233 534 1287 in
549 1239 746 1303 conspectum
761 1231 954 1302 prodituram
967 1230 1032 1287 sinc
1046 1249 1142 1291 moron

221 1328 296 1383 Nov.
312 1326 371 1380 lab.
387 1323 414 1394 9,
430 1324 448 1379 6
463 1328 620 1398 respondit
635 1327 684 1382 illa
701 1343 707 1382 :
724 1328 870 1396 quidquid
886 1328 1010 1384 dederis
1024 1327 1098 1383 satis
1113 1326 1183 1384 erit.

186 1466 496 1543 Quemadmodum
523 1461 644 1533 autem
673 1463 711 1532 in
746 1465 812 1533 illo
841 1484 949 1534 versu
978 1464 1062 1533 ideo
1090 1464 1219 1533 vitium

186 1579 366 1648 minuitur
385 1581 481 1668 quod
500 1601 518 1646 ‹<
535 1598 636 1649 mora
651 1602 670 1645 a
687 1599 769 1648 cum
785 1579 1047 1668 praepositione
1069 1580 1218 1648 «sine»

185 1693 392 1778 arctissime
408 1693 647 1780 conjungitur
661 1697 697 1766 et
712 1693 818 1780 quasi
833 1693 872 1761 in
888 1713 998 1763 unam
1014 1696 1097 1764 duae
1111 1685 1237 1763 voces

185 1803 411 1891 coalescunt,
434 1808 485 1876 ita
514 1808 554 1874 in
583 1810 652 1876 hoc
673 1827 784 1876 versu
814 1808 946 1877 «satis
970 1808 1082 1877 erit»
1111 1799 1220 1878 unius
1293 1820 1295 1824 '

185 1922 304 1990 instar
317 1922 488 1991 vocabuli
505 1924 600 1994 haud
616 1922 800 1991 immerito
816 1928 936 2009 potest
949 1923 1076 1993 haberi
1091 1923 1151 2013 (l).

230 2119 258 2204 ζ)
283 2118 392 2187 Arsin
405 2115 543 2208 diduci,
556 2123 731 2206 sequente
746 2123 935 2205 anapaesto
944 2121 1002 2188 vel
1017 2119 1217 2207 tribracho,
1268 2098 1271 2102 ’

185 2227 380 2302 nonlicet:
396 2235 577 2320 nusquam
586 2232 761 2302 violatam
772 2253 852 2302 eam
865 2235 985 2320 legem
997 2233 1218 2304 invenimus.

229 2437 259 2526 t)
283 2439 384 2516 Quod
399 2456 486 2505 vero
507 2439 545 2505 L.
562 2438 719 2505 Mueller
737 2437 909 2522 affirmat,
927 2457 1107 2507 caesuram
1127 2460 1222 2527 pen-

184 2548 440 2619 themimerem
451 2550 566 2619 multo
582 2548 813 2637 frequentius
828 2550 922 2638 apud
940 2552 1136 2620 Phaedrum
1152 2572 1219 2620 oc-

184 2684 349 2748 currere,
379 2664 431 2732 ita
452 2664 557 2733 novis
580 2663 724 2751 quoque
747 2664 884 2733 fabulis
907 2664 1091 2751 convenit,
1121 2665 1219 2735 utin

184 2776 349 2864 quinque
364 2780 400 2845 et
416 2776 697 2864 quadringentis
710 2776 893 2861 versibus,
917 2796 937 2844 e
960 2776 1093 2863 quibus
1110 2796 1220 2847 cons-

184 2896 239 2959 tat
261 2891 469 2960 fabularum
494 2909 669 2965 novarum
694 2890 890 2978 appendix,
914 2897 989 2959 tres
1009 2896 1046 2958 et
1067 2891 1221 2978 triginta

182 3006 331 3073 demum
347 3004 682 3091 hephthemimeres
697 3022 860 3073 caesuras
873 3003 1078 3073 invenerim
1090 3004 1151 3094 (2).

193 3267 196 3273 .
230 3209 398 3277 Adfirmat
417 3209 455 3275 L.
472 3208 641 3293 Mueller,
653 3226 746 3275 cum
759 3176 904 3276 cassula
923 3206 971 3275 sit
985 3206 1221 3296 hephthcmi-

170 3340 320 3405 meres,
337 3325 400 3388 aut
414 3326 496 3407 post
510 3321 711 3388 secundum
726 3321 856 3406 pedem
872 3323 1028 3388 metrum
1044 3318 1158 3388 incidi

277 3491 290 3524 «
311 3471 396 3537 Quod
411 3471 536 3527 arbores
552 3471 556 3540 Ι
572 3472 682 3551 loquan
699 3471 703 3540 Ι
720 3473 777 3540 tur,
795 3484 855 3526 non
870 3474 986 3525 tantum
1002 3470 1075 3526 ierae
1091 3488 1116 3539 »,

182 3612 250 3675 aut
263 3605 483 3675 incisionem
504 3625 598 3690 eam,
619 3605 649 3673 si
671 3604 750 3674 bini
774 3610 856 3691 post
876 3607 1075 3674 secundam
1097 3605 1220 3674 thesin

181 3719 352 3789 trochaei
373 3738 445 3787 uno
465 3718 725 3787 contineantur
739 3718 931 3802 vocabulo,
952 3717 1096 3803 negligi
1112 3735 1219 3805 posse

277 3890 291 3923 «
312 3871 385 3925 Cum
399 3870 517 3925 tristem
533 3870 709 3925 servitutem
724 3868 834 3923 flerent
847 3868 936 3923 Attici
952 3885 977 3924 ι.

218 4024 446 4030 -...-..-..——
759 4022 802 4027 -—
1011 4024 1129 4029 .—-....
1147 4024 1213 4031 .-.-

222 4086 262 4154 (1)
281 4086 356 4141 ratu.
377 4084 449 4141 um.

222 4166 908 4240 (a)a,13a,e;s‚5.no.m;5,r.as,rs;
928 4167 1218 4241 o‚a.n.ra;r,r;

177 4250 783 4325 8‚1o.la.15;e‚3.ra;ro‚s;m‚e;
807 4250 1218 4325 ra,a.ro;15,1a;rs,ro.

178 4336 1017 4411 153le,³;maamad.143‘28‚7;as,l;³o,la,
