3134 5100
832 508 991 570 -22-

397 675 478 758 post
489 669 644 756 Augusti
661 673 806 738 aetatem
819 670 1001 756 vixerunt,
1016 671 1191 740 Senecam
1206 671 1266 761 (1),
1279 673 1421 752 Quinti-

397 785 537 853 lianum
553 784 613 873 (2),
628 785 790 854 Tacitum
806 784 853 874 (3)
868 785 1167 873 frequentissima
1179 792 1246 856 est.

440 1001 523 1070 Tria
538 1004 682 1071 demum
698 1004 878 1090 adjectiva
894 1004 1056 1089 nomina,
1074 1025 1157 1092 quae
1173 1005 1324 1074 insolita
1339 1026 1423 1094 pos·

397 1114 471 1182 sint
484 1115 615 1201 videri,
631 1116 670 1184 in
687 1117 835 1185 Phaedri
856 1117 992 1186 fabulis
1012 1117 1104 1185 mihi
1123 1118 1229 1188 obvia
1249 1120 1421 1187 fuerunt:

395 1233 596 1300 alticinctus
609 1232 655 1328 (2.
672 1233 706 1317 5,
723 1232 793 1320 11),
815 1234 1094 1300 nanoricultria
1108 1233 1156 1323 (2.
1170 1237 1205 1320 4,
1217 1234 1266 1322 3),
1283 1235 1424 1302 nameus

397 1345 438 1431 (Ι.
454 1345 510 1428 29,
522 1342 578 1431 3);
597 1363 751 1430 quorum
764 1342 922 1431 primum
939 1344 1048 1431 sitne,
1063 1346 1171 1432 quale
1183 1346 1224 1413 in
1236 1346 1424 1415 codicibus

397 1461 583 1544 appareat,
605 1458 826 1526 servandum
847 1457 973 1527 dubito
996 1478 1044 1526 an
1065 1460 1200 1546 potius,
1221 1461 1316 1547 quod
1337 1460 1424 1547 qui-

396 1572 478 1639 dem
498 1571 662 1642 metricae
684 1571 739 1639 rei
758 1573 904 1658 legibus
924 1573 1076 1641 minime
1095 1581 1290 1662 repugnet,
1312 1596 1332 1639 c
1355 1577 1426 1642 uite

395 1689 530 1758 cinctus
552 1710 571 1752 »
589 1687 635 1776 (4)
651 1689 848 1773 legendum
866 1707 875 1758 :

503 1858 518 1897 ‹
538 1844 580 1898 Ex
595 1841 760 1897 alticinctis
774 1859 854 1899 unus
868 1845 1067 1900 Atriensibus.
1088 1862 1102 1899 a

397 1982 602 2050 Secundum
622 2000 756 2050 nomen
778 1982 999 2068 adjectivum
1015 2005 1034 2048 c
1048 1985 1361 2052 aemoricultrix»
1381 1986 1426 2053 ab

397 2092 481 2160 aliis
497 2093 710 2179 admissum,
727 2094 793 2161 alii
810 2095 1078 2163 necimmerito
1098 2096 1137 2163 in
1159 2098 1240 2164 haec
1261 2097 1333 2164 duo
1353 2115 1426 2164 nu-

396 2210 497 2278 mina
513 2233 532 2276 «
547 2212 700 2278 nemoris
714 2210 887 2277 cultrix»
906 2210 1038 2278 leviter
1051 2211 1336 2279 immutaverunt
1352 2212 1400 2300 (5)
1417 2228 1425 2280 τ

396 2325 492 2390 unde
509 2324 549 2389 fit
565 2328 604 2389 ut
619 2342 731 2389 unum
746 2324 892 2391 demum
907 2323 1126 2409 adjectivum
1141 2344 1276 2392 nomen
1297 2326 1429 2392 «noci-

395 2457 498 2503 vas»
525 2438 618 2522 apud
647 2438 843 2504 Phaedrum
866 2436 1087 2505 insolentius
1112 2438 1313 2506 videatur:
1345 2457 1428 2524 quae

395 2568 464 2617 vox
486 2547 615 2635 ipsae
638 2547 784 2638 legibus
805 2548 915 2617 certis
938 2549 1080 2631 inausa,
1097 2552 1192 2636 apud
1213 2549 1428 2637 posterioris

397 2661 517 2729 aetatis
532 2660 730 2747 scriptores
743 2667 895 2748 apparet
909 2661 1018 2751 (Ptin.
1033 2663 1089 2730 21).
1105 2664 1140 2748 2,
1156 2665 1178 2729 6
1192 2662 1316 2749 pecori
1329 2684 1429 2751 prae-

396 2777 502 2864 cipue
515 2776 662 2864 nociva).

441 2992 560 3067 Unum
574 2999 739 3081 verbum,
758 2999 931 3065 trusitare
947 2996 1103 3082 scilicet,
1120 2999 1215 3085 apud
1230 2999 1428 3069 Phaedrum

396 3111 534 3196 inveni,
552 3113 647 3197 quod
663 3110 812 3179 omnino
827 3110 875 3178 sit
889 3110 1105 3178 inusitatum
1122 3128 1130 3179 :

505 3285 518 3316 «
539 3266 680 3333 Interque
694 3264 811 3320 caedem
828 3265 907 3319 ferro
927 3266 1041 3319 mulum
1061 3263 1247 3318 tramitum.»

1116 3363 1143 3417 2.
1159 3362 1186 3432 7,
1202 3361 1229 3416 8.

396 3491 496 3567 Quod
513 3489 744 3573 vocabulum,
762 3508 781 3555 e
796 3489 908 3556 verbo
926 3510 944 3553 <c
963 3488 1144 3555 tradere»
1169 3493 1252 3572 apte
1276 3484 1426 3553 deriva-

486 3808 538 3876 Ep.
555 3806 599 3862 76.
616 3808 685 3862 Mihi
702 3808 856 3875 contingat
869 3808 927 3861 iste
943 3805 1067 3861 derisus.
1114 3849 1117 3855 .

431 3808 470 3960 (ἐξ
489 3891 516 3961 6,
532 3892 549 3946 3
564 3907 582 3945 a
596 3891 697 3945 derisa
711 3907 770 3947 non
786 3894 890 3960 procul
905 3892 993 3947 abest
1007 3893 1098 3947 risus,

431 3975 470 4043 (3)
489 3976 559 4042 ngr.
577 3974 611 4028 39
626 3974 747 4027 Derisui
762 3990 833 4028 esse
848 3976 955 4028 falsum
971 3989 988 4027 e
1004 3976 1163 4029 Germania
1176 3976 1371 4045 triumphurn.

432 4060 471 4127 (1)
491 4060 532 4113 C.
550 4060 610 4112 ulta
626 4058 739 4113 cinctus
754 4060 824 4113 Hor.
841 4060 901 4113 Sat.
917 4056 944 4113 2.
960 4058 987 4128 8,
1005 4058 1049 4113 10.

431 4146 471 4213 (5)
491 4146 532 4199 Cf.
557 4145 675 4199 Phaedri
698 4145 815 4199 tabulas
838 4144 994 4213 AEsopiaS‚
1027 4146 1132 4211 quales
1164 4144 1300 4199 Lemaire
1332 4145 1428 4199 edidit

396 4230 529 4299 (Parisiis
544 4228 635 4299 1826).
652 4258 686 4270 -
700 4230 846 4283 Volumen
859 4227 953 4297 priuS.
968 4243 1040 4299 pag.
1053 4229 1117 4285 451.
