<?xml version="1.0" encoding="UTF-8"?>
<!DOCTYPE html PUBLIC "-//W3C//DTD XHTML 1.0 Transitional//EN"
    "http://www.w3.org/TR/xhtml1/DTD/xhtml1-transitional.dtd">
<html xmlns="http://www.w3.org/1999/xhtml" xml:lang="en" lang="en">
 <head>
  <title>
</title>
<meta http-equiv="Content-Type" content="text/html;charset=utf-8" />
  <meta name='ocr-system' content='tesseract 3.04.00' />
  <meta name='ocr-capabilities' content='ocr_page ocr_carea ocr_par ocr_line ocrx_word'/>
</head>
<body>
  <div class='ocr_page' id='page_1' title='image "./dephaedrisermon00causgoog_0125.png"; bbox 0 0 3134 5100; ppageno 0'>
   <div class='ocr_carea' id='block_1_1' title="bbox 621 555 779 620">
    <p class='ocr_par' dir='ltr' id='par_1_1' title="bbox 621 555 779 620">
     <span class='ocr_line' id='line_1_1' title="bbox 621 555 779 620; baseline 0 -17"><span class='ocrx_word' id='word_1_1' title='bbox 621 555 779 620; x_wconf 82' lang='grc'>...99-</span> 
     </span>
    </p>
   </div>
   <div class='ocr_carea' id='block_1_2' title="bbox 185 723 1216 1272">
    <p class='ocr_par' dir='ltr' id='par_1_2' title="bbox 185 723 1216 1272">
     <span class='ocr_line' id='line_1_2' title="bbox 185 723 1214 813; baseline -0.005 -18"><span class='ocrx_word' id='word_1_2' title='bbox 185 728 380 795; x_wconf 86' lang='lat' dir='ltr'><em>Phaedrum</em></span> <span class='ocrx_word' id='word_1_3' title='bbox 403 726 521 794; x_wconf 90' lang='lat' dir='ltr'><em>solum</em></span> <span class='ocrx_word' id='word_1_4' title='bbox 546 725 684 810; x_wconf 79' lang='lat' dir='ltr'><em>legitur</em></span> <span class='ocrx_word' id='word_1_5' title='bbox 706 724 751 813; x_wconf 87' lang='lat'><em>(8,</em></span> <span class='ocrx_word' id='word_1_6' title='bbox 774 723 830 811; x_wconf 93' lang='grc'><em>11)</em></span> <span class='ocrx_word' id='word_1_7' title='bbox 853 724 889 791; x_wconf 89' lang='grc'><em>11</em></span> <span class='ocrx_word' id='word_1_8' title='bbox 910 725 1214 792; x_wconf 73' lang='lat' dir='ltr'><em>«meliusculus»</em></span> 
     </span>
     <span class='ocr_line' id='line_1_3' title="bbox 186 837 1215 926; baseline -0.002 -18"><span class='ocrx_word' id='word_1_9' title='bbox 186 842 241 924; x_wconf 84' lang='lat'><em>15,</em></span> <span class='ocrx_word' id='word_1_10' title='bbox 260 844 295 924; x_wconf 88' lang='grc'><em>7,</em></span> <span class='ocrx_word' id='word_1_11' title='bbox 319 841 428 926; x_wconf 87' lang='lat' dir='ltr'><em>quod,</em></span> <span class='ocrx_word' id='word_1_12' title='bbox 450 845 642 926; x_wconf 84' lang='lat' dir='ltr'><em>postquam</em></span> <span class='ocrx_word' id='word_1_13' title='bbox 662 859 682 906; x_wconf 89' lang='lat' dir='ltr'><em>a</em></span> <span class='ocrx_word' id='word_1_14' title='bbox 702 838 888 907; x_wconf 87' lang='lat' dir='ltr'><em>veteribus</em></span> <span class='ocrx_word' id='word_1_15' title='bbox 909 837 1059 906; x_wconf 87' lang='lat' dir='ltr'><em>comicis</em></span> <span class='ocrx_word' id='word_1_16' title='bbox 1083 837 1215 925; x_wconf 89' lang='lat' dir='ltr'><em>poetis,</em></span> 
     </span>
     <span class='ocr_line' id='line_1_4' title="bbox 185 954 1216 1044; baseline -0.003 -20"><span class='ocrx_word' id='word_1_17' title='bbox 185 956 354 1024; x_wconf 86' lang='lat' dir='ltr'><em>Terentio</em></span> <span class='ocrx_word' id='word_1_18' title='bbox 370 956 416 1044; x_wconf 93' lang='grc'><em>(1)</em></span> <span class='ocrx_word' id='word_1_19' title='bbox 437 958 638 1042; x_wconf 80' lang='lat' dir='ltr'><em>Plautoque</em></span> <span class='ocrx_word' id='word_1_20' title='bbox 655 955 701 1044; x_wconf 79' lang='grc'><em>(2)</em></span> <span class='ocrx_word' id='word_1_21' title='bbox 722 954 926 1024; x_wconf 91' lang='lat' dir='ltr'><em>adhibitum</em></span> <span class='ocrx_word' id='word_1_22' title='bbox 946 960 1013 1039; x_wconf 90' lang='lat' dir='ltr'><em>est,</em></span> <span class='ocrx_word' id='word_1_23' title='bbox 1035 956 1130 1040; x_wconf 92' lang='lat' dir='ltr'><em>apud</em></span> <span class='ocrx_word' id='word_1_24' title='bbox 1153 973 1216 1022; x_wconf 91' lang='lat' dir='ltr'><em>eos</em></span> 
     </span>
     <span class='ocr_line' id='line_1_5' title="bbox 187 1068 1215 1158; baseline -0.002 -20"><span class='ocrx_word' id='word_1_25' title='bbox 187 1072 331 1138; x_wconf 93' lang='lat' dir='ltr'><em>demum</em></span> <span class='ocrx_word' id='word_1_26' title='bbox 352 1070 414 1158; x_wconf 90' lang='lat' dir='ltr'><em>qui</em></span> <span class='ocrx_word' id='word_1_27' title='bbox 433 1075 515 1158; x_wconf 90' lang='lat' dir='ltr'><em>post</em></span> <span class='ocrx_word' id='word_1_28' title='bbox 532 1070 688 1154; x_wconf 81' lang='lat' dir='ltr'><em>Augusti</em></span> <span class='ocrx_word' id='word_1_29' title='bbox 704 1074 851 1137; x_wconf 89' lang='lat' dir='ltr'><em>aetatem</em></span> <span class='ocrx_word' id='word_1_30' title='bbox 866 1068 1106 1156; x_wconf 85' lang='lat' dir='ltr'><em>scripserunt,</em></span> <span class='ocrx_word' id='word_1_31' title='bbox 1129 1068 1215 1136; x_wconf 89' lang='lat' dir='ltr'><em>Cel-</em></span> 
     </span>
     <span class='ocr_line' id='line_1_6' title="bbox 188 1180 1180 1272; baseline -0.003 -21"><span class='ocrx_word' id='word_1_32' title='bbox 188 1202 266 1251; x_wconf 88' lang='lat' dir='ltr'><em>sum</em></span> <span class='ocrx_word' id='word_1_33' title='bbox 283 1182 342 1272; x_wconf 90' lang='lat'><strong>(3),</strong></span> <span class='ocrx_word' id='word_1_34' title='bbox 359 1184 597 1251; x_wconf 83' lang='lat' dir='ltr'><em>Columellam</em></span> <span class='ocrx_word' id='word_1_35' title='bbox 614 1181 673 1269; x_wconf 87' lang='grc'>(4),</span> <span class='ocrx_word' id='word_1_36' title='bbox 691 1200 818 1250; x_wconf 85' lang='lat' dir='ltr'><em>rursus</em></span> <span class='ocrx_word' id='word_1_37' title='bbox 832 1180 978 1248; x_wconf 88' lang='lat' dir='ltr'><em>videtur</em></span> <span class='ocrx_word' id='word_1_38' title='bbox 991 1201 1180 1268; x_wconf 85' lang='lat' dir='ltr'><em>apparere.</em></span> 
     </span>
    </p>
   </div>
   <div class='ocr_carea' id='block_1_3' title="bbox 187 1374 1219 2147">
    <p class='ocr_par' dir='ltr' id='par_1_3' title="bbox 187 1374 1219 2147">
     <span class='ocr_line' id='line_1_7' title="bbox 232 1374 1216 1446; baseline -0.001 -1"><span class='ocrx_word' id='word_1_39' title='bbox 232 1377 393 1446; x_wconf 78' lang='lat' dir='ltr'><em>sincerae</em></span> <span class='ocrx_word' id='word_1_40' title='bbox 414 1381 500 1444; x_wconf 88' lang='lat' dir='ltr'><em>sunt</em></span> <span class='ocrx_word' id='word_1_41' title='bbox 522 1374 715 1444; x_wconf 82' lang='lat' dir='ltr'><em>latinitatis</em></span> <span class='ocrx_word' id='word_1_42' title='bbox 740 1375 863 1444; x_wconf 90' lang='lat' dir='ltr'><em>omnia</em></span> <span class='ocrx_word' id='word_1_43' title='bbox 876 1375 951 1443; x_wconf 92' lang='lat' dir='ltr'><em>illa</em></span> <span class='ocrx_word' id='word_1_44' title='bbox 970 1374 1094 1444; x_wconf 84' lang='lat' dir='ltr'><em>in-tor</em></span> <span class='ocrx_word' id='word_1_45' title='bbox 1113 1375 1216 1444; x_wconf 89' lang='lat' dir='ltr'><em>desi-</em></span> 
     </span>
     <span class='ocr_line' id='line_1_8' title="bbox 188 1487 1216 1577; baseline -0.001 -20"><span class='ocrx_word' id='word_1_46' title='bbox 188 1488 314 1557; x_wconf 80' lang='lat' dir='ltr'>nentia</span> <span class='ocrx_word' id='word_1_47' title='bbox 334 1488 483 1556; x_wconf 86' lang='lat' dir='ltr'><em>nomina</em></span> <span class='ocrx_word' id='word_1_48' title='bbox 505 1507 587 1574; x_wconf 88' lang='lat' dir='ltr'><em>quae</em></span> <span class='ocrx_word' id='word_1_49' title='bbox 607 1487 645 1554; x_wconf 92' lang='lat' dir='ltr'><em>in</em></span> <span class='ocrx_word' id='word_1_50' title='bbox 662 1487 797 1556; x_wconf 84' lang='lat' dir='ltr'><em>fabulis</em></span> <span class='ocrx_word' id='word_1_51' title='bbox 813 1487 918 1556; x_wconf 88' lang='lat' dir='ltr'><em>novis</em></span> <span class='ocrx_word' id='word_1_52' title='bbox 933 1492 1130 1556; x_wconf 87' lang='lat' dir='ltr'><em>occurrunt</em></span> <span class='ocrx_word' id='word_1_53' title='bbox 1146 1487 1192 1577; x_wconf 88' lang='lat'><em>(5)</em></span> <span class='ocrx_word' id='word_1_54' title='bbox 1206 1508 1216 1574; x_wconf 85' lang='lat'><em>3</em></span> 
     </span>
     <span class='ocr_line' id='line_1_9' title="bbox 188 1600 1219 1689; baseline 0.001 -19"><span class='ocrx_word' id='word_1_55' title='bbox 188 1603 265 1686; x_wconf 86' lang='lat' dir='ltr'><em>sed,</em></span> <span class='ocrx_word' id='word_1_56' title='bbox 283 1603 586 1689; x_wconf 88' lang='lat' dir='ltr'><em>quemadmodum</em></span> <span class='ocrx_word' id='word_1_57' title='bbox 602 1600 641 1668; x_wconf 93' lang='lat' dir='ltr'><em>in</em></span> <span class='ocrx_word' id='word_1_58' title='bbox 657 1600 819 1687; x_wconf 81' lang='lat' dir='ltr'><em>antiquis</em></span> <span class='ocrx_word' id='word_1_59' title='bbox 833 1600 967 1670; x_wconf 83' lang='lat' dir='ltr'><em>fabulis</em></span> <span class='ocrx_word' id='word_1_60' title='bbox 984 1620 1096 1670; x_wconf 90' lang='lat' dir='ltr'><em>unum</em></span> <span class='ocrx_word' id='word_1_61' title='bbox 1111 1603 1219 1671; x_wconf 85' lang='lat' dir='ltr'><em>subs·</em></span> 
     </span>
     <span class='ocr_line' id='line_1_10' title="bbox 187 1715 1217 1801; baseline -0.002 -17"><span class='ocrx_word' id='word_1_62' title='bbox 187 1717 366 1785; x_wconf 78' lang='lat' dir='ltr'><em>tantinum</em></span> <span class='ocrx_word' id='word_1_63' title='bbox 394 1735 527 1784; x_wconf 90' lang='lat' dir='ltr'><em>nomen</em></span> <span class='ocrx_word' id='word_1_64' title='bbox 552 1715 694 1782; x_wconf 83' lang='lat' dir='ltr'><em>in-tcc&#39;u</em></span> <span class='ocrx_word' id='word_1_65' title='bbox 721 1715 882 1800; x_wconf 89' lang='lat' dir='ltr'><em>finitum,</em></span> <span class='ocrx_word' id='word_1_66' title='bbox 903 1717 1032 1801; x_wconf 80' lang='lat' dir='ltr'><em>potuim</em></span> <span class='ocrx_word' id='word_1_67' title='bbox 1057 1715 1217 1801; x_wconf 86' lang='lat' dir='ltr'><em>seilicet,</em></span> 
     </span>
     <span class='ocr_line' id='line_1_11' title="bbox 188 1830 1219 1918; baseline 0.001 -21"><span class='ocrx_word' id='word_1_68' title='bbox 188 1850 317 1918; x_wconf 87' lang='lat' dir='ltr'><em>parum</em></span> <span class='ocrx_word' id='word_1_69' title='bbox 352 1831 506 1898; x_wconf 93' lang='lat' dir='ltr'><em>latinum</em></span> <span class='ocrx_word' id='word_1_70' title='bbox 540 1849 620 1900; x_wconf 89' lang='lat' dir='ltr'><em>esse</em></span> <span class='ocrx_word' id='word_1_71' title='bbox 651 1830 936 1912; x_wconf 88' lang='lat' dir='ltr'><em>observavimus,</em></span> <span class='ocrx_word' id='word_1_72' title='bbox 965 1830 1017 1898; x_wconf 89' lang='lat' dir='ltr'><em>sic</em></span> <span class='ocrx_word' id='word_1_73' title='bbox 1046 1830 1086 1898; x_wconf 92' lang='lat' dir='ltr'><em>in</em></span> <span class='ocrx_word' id='word_1_74' title='bbox 1115 1830 1219 1898; x_wconf 83' lang='lat' dir='ltr'><em>novis</em></span> 
     </span>
     <span class='ocr_line' id='line_1_12' title="bbox 189 1944 1218 2029; baseline -0.002 -18"><span class='ocrx_word' id='word_1_75' title='bbox 189 1944 289 2012; x_wconf 92' lang='lat' dir='ltr'><em>aliud</em></span> <span class='ocrx_word' id='word_1_76' title='bbox 306 1950 361 2012; x_wconf 90' lang='lat' dir='ltr'><em>est</em></span> <span class='ocrx_word' id='word_1_77' title='bbox 374 1946 538 2029; x_wconf 89' lang='lat' dir='ltr'><em>ejusdem</em></span> <span class='ocrx_word' id='word_1_78' title='bbox 552 1944 700 2029; x_wconf 82' lang='lat' dir='ltr'><em>generis</em></span> <span class='ocrx_word' id='word_1_79' title='bbox 713 1945 931 2012; x_wconf 87' lang='lat' dir='ltr'><em>vocabulum</em></span> <span class='ocrx_word' id='word_1_80' title='bbox 948 1945 1218 2011; x_wconf 75' lang='lat' dir='ltr'><em>«insidiatrices</em></span> 
     </span>
     <span class='ocr_line' id='line_1_13' title="bbox 189 2059 898 2147; baseline -0.003 -20"><span class='ocrx_word' id='word_1_81' title='bbox 189 2061 285 2147; x_wconf 90' lang='lat' dir='ltr'><em>quod</em></span> <span class='ocrx_word' id='word_1_82' title='bbox 301 2079 373 2127; x_wconf 91' lang='lat' dir='ltr'><em>non</em></span> <span class='ocrx_word' id='word_1_83' title='bbox 390 2059 511 2126; x_wconf 91' lang='lat' dir='ltr'><em>minus</em></span> <span class='ocrx_word' id='word_1_84' title='bbox 526 2059 715 2128; x_wconf 90' lang='lat' dir='ltr'><em>insolitum</em></span> <span class='ocrx_word' id='word_1_85' title='bbox 729 2060 898 2126; x_wconf 87' lang='lat' dir='ltr'><em>videatur</em></span> 
     </span>
    </p>
   </div>
   <div class='ocr_carea' id='block_1_4' title="bbox 262 2196 1144 2267">
    <p class='ocr_par' dir='ltr' id='par_1_4' title="bbox 262 2196 1144 2267">
     <span class='ocr_line' id='line_1_14' title="bbox 262 2196 1144 2267; baseline 0.006 -20"><span class='ocrx_word' id='word_1_86' title='bbox 262 2217 275 2247; x_wconf 76' lang='lat' dir='ltr'><em>u</em></span> <span class='ocrx_word' id='word_1_87' title='bbox 295 2196 339 2267; x_wconf 88' lang='grc'><em>17,</em></span> <span class='ocrx_word' id='word_1_88' title='bbox 359 2197 377 2251; x_wconf 79' lang='lat' dir='ltr'><em>ll</em></span> <span class='ocrx_word' id='word_1_89' title='bbox 396 2198 444 2252; x_wconf 85' lang='lat' dir='ltr'><em>Sic</em></span> <span class='ocrx_word' id='word_1_90' title='bbox 459 2196 661 2252; x_wconf 79' lang='lat' dir='ltr'><em>iusldtutrlac:</em></span> <span class='ocrx_word' id='word_1_91' title='bbox 680 2212 786 2252; x_wconf 90' lang='lat' dir='ltr'><em>omnes</em></span> <span class='ocrx_word' id='word_1_92' title='bbox 801 2197 977 2252; x_wconf 86' lang='lat' dir='ltr'><em>muneribus</em></span> <span class='ocrx_word' id='word_1_93' title='bbox 992 2197 1109 2253; x_wconf 87' lang='lat' dir='ltr'><em>licet...</em></span> <span class='ocrx_word' id='word_1_94' title='bbox 1141 2236 1144 2242; x_wconf 77' lang='lat'>-</span> 
     </span>
    </p>
   </div>
   <div class='ocr_carea' id='block_1_5' title="bbox 189 2329 1222 2761">
    <p class='ocr_par' dir='ltr' id='par_1_5' title="bbox 189 2329 1222 2761">
     <span class='ocr_line' id='line_1_15' title="bbox 234 2329 1222 2418; baseline 0.003 -21"><span class='ocrx_word' id='word_1_95' title='bbox 234 2329 398 2416; x_wconf 80' lang='lat' dir='ltr'><em>Triginta</em></span> <span class='ocrx_word' id='word_1_96' title='bbox 413 2332 556 2400; x_wconf 85' lang='lat' dir='ltr'><em>fabulas</em></span> <span class='ocrx_word' id='word_1_97' title='bbox 569 2350 682 2399; x_wconf 86' lang='lat' dir='ltr'><em>novas</em></span> <span class='ocrx_word' id='word_1_98' title='bbox 695 2331 902 2418; x_wconf 81' lang='lat' dir='ltr'><em>perlegenti</em></span> <span class='ocrx_word' id='word_1_99' title='bbox 916 2351 1035 2418; x_wconf 91' lang='lat' dir='ltr'><em>neque</em></span> <span class='ocrx_word' id='word_1_100' title='bbox 1050 2334 1222 2401; x_wconf 90' lang='lat' dir='ltr'><em>substan·</em></span> 
     </span>
     <span class='ocr_line' id='line_1_16' title="bbox 189 2447 1220 2535; baseline 0.002 -21"><span class='ocrx_word' id='word_1_101' title='bbox 189 2447 265 2514; x_wconf 86' lang='lat' dir='ltr'><em>tiva</em></span> <span class='ocrx_word' id='word_1_102' title='bbox 279 2465 372 2514; x_wconf 86' lang='lat' dir='ltr'><em>nova</em></span> <span class='ocrx_word' id='word_1_103' title='bbox 387 2447 452 2513; x_wconf 92' lang='lat' dir='ltr'><em>illa</em></span> <span class='ocrx_word' id='word_1_104' title='bbox 474 2447 621 2514; x_wconf 82' lang='lat' dir='ltr'><em>in-utcu</em></span> <span class='ocrx_word' id='word_1_105' title='bbox 642 2447 849 2514; x_wconf 84' lang='lat' dir='ltr'><em>desinentia</em></span> <span class='ocrx_word' id='word_1_106' title='bbox 866 2452 1075 2531; x_wconf 86' lang='lat' dir='ltr'><em>occurrunt,</em></span> <span class='ocrx_word' id='word_1_107' title='bbox 1102 2467 1220 2535; x_wconf 91' lang='lat' dir='ltr'><em>neque</em></span> 
     </span>
     <span class='ocr_line' id='line_1_17' title="bbox 190 2558 1222 2647; baseline 0.002 -20"><span class='ocrx_word' id='word_1_108' title='bbox 190 2558 371 2644; x_wconf 86' lang='lat' dir='ltr'><em>adjectiva</em></span> <span class='ocrx_word' id='word_1_109' title='bbox 398 2578 492 2627; x_wconf 88' lang='lat' dir='ltr'><em>nova</em></span> <span class='ocrx_word' id='word_1_110' title='bbox 520 2559 667 2626; x_wconf 83' lang='lat' dir='ltr'><em>in-lu&#39;lu&#39;s</em></span> <span class='ocrx_word' id='word_1_111' title='bbox 695 2558 829 2627; x_wconf 86' lang='lat' dir='ltr'><em>finita:</em></span> <span class='ocrx_word' id='word_1_112' title='bbox 861 2560 1009 2647; x_wconf 88' lang='lat' dir='ltr'><em>quaein</em></span> <span class='ocrx_word' id='word_1_113' title='bbox 1035 2561 1222 2630; x_wconf 89' lang='lat' dir='ltr'><em>veteribus</em></span> 
     </span>
     <span class='ocr_line' id='line_1_18' title="bbox 191 2674 689 2761; baseline 0 -20"><span class='ocrx_word' id='word_1_114' title='bbox 191 2693 335 2761; x_wconf 90' lang='lat' dir='ltr'><em>quoque</em></span> <span class='ocrx_word' id='word_1_115' title='bbox 351 2674 486 2743; x_wconf 85' lang='lat' dir='ltr'><em>fabulis</em></span> <span class='ocrx_word' id='word_1_116' title='bbox 502 2674 689 2742; x_wconf 87' lang='lat' dir='ltr'><em>deficiunt.</em></span> 
     </span>
    </p>
   </div>
   <div class='ocr_carea' id='block_1_6' title="bbox 190 2875 1223 3307">
    <p class='ocr_par' dir='ltr' id='par_1_6' title="bbox 190 2875 1223 3307">
     <span class='ocr_line' id='line_1_19' title="bbox 237 2875 1221 2963; baseline 0.005 -20"><span class='ocrx_word' id='word_1_117' title='bbox 237 2878 282 2943; x_wconf 90' lang='lat' dir='ltr'><em>Ut</em></span> <span class='ocrx_word' id='word_1_118' title='bbox 301 2875 339 2944; x_wconf 91' lang='lat' dir='ltr'><em>in</em></span> <span class='ocrx_word' id='word_1_119' title='bbox 361 2876 494 2945; x_wconf 79' lang='lat' dir='ltr'><em>fabulis</em></span> <span class='ocrx_word' id='word_1_120' title='bbox 515 2877 569 2945; x_wconf 91' lang='lat' dir='ltr'><em>eis</em></span> <span class='ocrx_word' id='word_1_121' title='bbox 590 2897 671 2963; x_wconf 88' lang='lat' dir='ltr'><em>quae</em></span> <span class='ocrx_word' id='word_1_122' title='bbox 690 2878 801 2961; x_wconf 85' lang='lat' dir='ltr'><em>vulgo</em></span> <span class='ocrx_word' id='word_1_123' title='bbox 821 2879 977 2946; x_wconf 88' lang='lat' dir='ltr'><em>Phaedro</em></span> <span class='ocrx_word' id='word_1_124' title='bbox 1000 2879 1221 2948; x_wconf 87' lang='lat' dir='ltr'><em>adscribun-</em></span> 
     </span>
     <span class='ocr_line' id='line_1_20' title="bbox 190 2989 1222 3078; baseline 0.004 -21"><span class='ocrx_word' id='word_1_125' title='bbox 190 2997 263 3074; x_wconf 88' lang='lat' dir='ltr'><em>tur,</em></span> <span class='ocrx_word' id='word_1_126' title='bbox 278 2989 329 3057; x_wconf 90' lang='lat' dir='ltr'><em>ita</em></span> <span class='ocrx_word' id='word_1_127' title='bbox 345 2990 383 3057; x_wconf 90' lang='lat' dir='ltr'><em>in</em></span> <span class='ocrx_word' id='word_1_128' title='bbox 400 2990 453 3058; x_wconf 89' lang='lat' dir='ltr'><em>eis</em></span> <span class='ocrx_word' id='word_1_129' title='bbox 469 2992 513 3057; x_wconf 93' lang='lat' dir='ltr'><em>de</em></span> <span class='ocrx_word' id='word_1_130' title='bbox 530 2989 662 3077; x_wconf 88' lang='lat' dir='ltr'><em>quibus</em></span> <span class='ocrx_word' id='word_1_131' title='bbox 678 2990 878 3075; x_wconf 86' lang='lat' dir='ltr'><em>ambigitur</em></span> <span class='ocrx_word' id='word_1_132' title='bbox 890 3011 935 3059; x_wconf 94' lang='lat' dir='ltr'><em>ne</em></span> <span class='ocrx_word' id='word_1_133' title='bbox 951 3012 1062 3059; x_wconf 89' lang='lat' dir='ltr'><em>unum</em></span> <span class='ocrx_word' id='word_1_134' title='bbox 1076 2992 1222 3078; x_wconf 90' lang='lat' dir='ltr'><em>quidem</em></span> 
     </span>
     <span class='ocr_line' id='line_1_21' title="bbox 190 3103 1223 3192; baseline 0.004 -21"><span class='ocrx_word' id='word_1_135' title='bbox 190 3110 247 3172; x_wconf 89' lang='lat' dir='ltr'><em>est</em></span> <span class='ocrx_word' id='word_1_136' title='bbox 266 3104 451 3171; x_wconf 84' lang='lat' dir='ltr'><em>in-tcraut</em></span> <span class='ocrx_word' id='word_1_137' title='bbox 465 3103 539 3171; x_wconf 78' lang='lat' dir='ltr'><em>inc</em></span> <span class='ocrx_word' id='word_1_138' title='bbox 550 3104 595 3191; x_wconf 89' lang='grc'><em>(6)</em></span> <span class='ocrx_word' id='word_1_139' title='bbox 610 3103 783 3172; x_wconf 90' lang='lat' dir='ltr'><em>desinens</em></span> <span class='ocrx_word' id='word_1_140' title='bbox 798 3104 1023 3189; x_wconf 86' lang='lat' dir='ltr'><em>adverbium,</em></span> <span class='ocrx_word' id='word_1_141' title='bbox 1039 3108 1134 3192; x_wconf 91' lang='lat' dir='ltr'><em>quod</em></span> <span class='ocrx_word' id='word_1_142' title='bbox 1149 3127 1223 3175; x_wconf 92' lang='lat' dir='ltr'><em>non</em></span> 
     </span>
     <span class='ocr_line' id='line_1_22' title="bbox 190 3218 1099 3307; baseline 0.002 -20"><span class='ocrx_word' id='word_1_143' title='bbox 190 3221 287 3306; x_wconf 92' lang='lat' dir='ltr'><em>apud</em></span> <span class='ocrx_word' id='word_1_144' title='bbox 304 3218 478 3306; x_wconf 88' lang='lat' dir='ltr'><em>optimum</em></span> <span class='ocrx_word' id='word_1_145' title='bbox 495 3238 674 3305; x_wconf 88' lang='lat' dir='ltr'><em>quemque</em></span> <span class='ocrx_word' id='word_1_146' title='bbox 691 3218 906 3305; x_wconf 87' lang='lat' dir='ltr'><em>scriptorem</em></span> <span class='ocrx_word' id='word_1_147' title='bbox 923 3221 1099 3307; x_wconf 85' lang='lat' dir='ltr'><em>reperias.</em></span> 
     </span>
    </p>
   </div>
   <div class='ocr_carea' id='block_1_7' title="bbox 188 3442 1225 3764">
    <p class='ocr_par' dir='ltr' id='par_1_7' title="bbox 188 3442 1225 3764">
     <span class='ocr_line' id='line_1_23' title="bbox 228 3442 1224 3513; baseline 0.003 -15"><span class='ocrx_word' id='word_1_148' title='bbox 228 3445 268 3513; x_wconf 95' lang='grc'><em>(1)</em></span> <span class='ocrx_word' id='word_1_149' title='bbox 292 3446 365 3499; x_wconf 86' lang='lat' dir='ltr'><em>Heo.</em></span> <span class='ocrx_word' id='word_1_150' title='bbox 385 3444 411 3498; x_wconf 93' lang='lat'><em>3.</em></span> <span class='ocrx_word' id='word_1_151' title='bbox 432 3444 460 3512; x_wconf 81' lang='grc'><em>1,</em></span> <span class='ocrx_word' id='word_1_152' title='bbox 476 3442 510 3497; x_wconf 83' lang='grc'><em>19</em></span> <span class='ocrx_word' id='word_1_153' title='bbox 530 3444 644 3499; x_wconf 86' lang='lat' dir='ltr'><em>Salvan&#39;</em></span> <span class='ocrx_word' id='word_1_154' title='bbox 660 3445 837 3499; x_wconf 83' lang='lat' dir='ltr'><em>Philumena</em></span> <span class='ocrx_word' id='word_1_155' title='bbox 855 3447 929 3500; x_wconf 84' lang='lat' dir='ltr'><em>est‘l</em></span> <span class='ocrx_word' id='word_1_156' title='bbox 944 3446 1025 3501; x_wconf 89' lang='lat' dir='ltr'><em>Pam.</em></span> <span class='ocrx_word' id='word_1_157' title='bbox 1047 3446 1224 3501; x_wconf 82' lang='lat' dir='ltr'><em>Meliuscula</em></span> 
     </span>
     <span class='ocr_line' id='line_1_24' title="bbox 190 3534 1225 3681; baseline 0.008 -18"><span class='ocrx_word' id='word_1_158' title='bbox 190 3534 369 3679; x_wconf 49' lang='grc' dir='ltr'><em>Θ51111111.</em></span> <span class='ocrx_word' id='word_1_159' title='bbox 390 3611 416 3666; x_wconf 85' lang='lat'><em>5.</em></span> <span class='ocrx_word' id='word_1_160' title='bbox 438 3610 464 3681; x_wconf 83' lang='grc'><em>1,</em></span> <span class='ocrx_word' id='word_1_161' title='bbox 484 3610 546 3666; x_wconf 89' lang='grc'><em>611</em></span> <span class='ocrx_word' id='word_1_162' title='bbox 566 3612 625 3666; x_wconf 91' lang='lat' dir='ltr'><em>eris</em></span> <span class='ocrx_word' id='word_1_163' title='bbox 644 3626 745 3681; x_wconf 84' lang='lat' dir='ltr'><em>verax,</em></span> <span class='ocrx_word' id='word_1_164' title='bbox 768 3617 821 3666; x_wconf 87' lang='lat' dir='ltr'><em>tua</em></span> <span class='ocrx_word' id='word_1_165' title='bbox 839 3626 878 3666; x_wconf 89' lang='lat' dir='ltr'><em>ex</em></span> <span class='ocrx_word' id='word_1_166' title='bbox 897 3627 929 3667; x_wconf 88' lang='lat' dir='ltr'><em>re</em></span> <span class='ocrx_word' id='word_1_167' title='bbox 949 3613 1066 3668; x_wconf 84' lang='lat' dir='ltr'><em>facies:</em></span> <span class='ocrx_word' id='word_1_168' title='bbox 1089 3630 1127 3669; x_wconf 90' lang='lat' dir='ltr'><em>ex</em></span> <span class='ocrx_word' id='word_1_169' title='bbox 1146 3617 1225 3671; x_wconf 86' lang='lat' dir='ltr'><em>mala</em></span> 
     </span>
     <span class='ocr_line' id='line_1_25' title="bbox 188 3693 1126 3764; baseline 0.002 -15"><span class='ocrx_word' id='word_1_170' title='bbox 188 3693 407 3749; x_wconf 83' lang='lat' dir='ltr'><em>meliusculum.</em></span> <span class='ocrx_word' id='word_1_171' title='bbox 424 3695 467 3749; x_wconf 88' lang='lat' dir='ltr'><em>Id.</em></span> <span class='ocrx_word' id='word_1_172' title='bbox 485 3695 570 3750; x_wconf 82' lang='lat' dir='ltr'><em>Cure.</em></span> <span class='ocrx_word' id='word_1_173' title='bbox 587 3695 613 3749; x_wconf 80' lang='grc'><em>1.</em></span> <span class='ocrx_word' id='word_1_174' title='bbox 630 3693 658 3764; x_wconf 94' lang='grc'><em>1,</em></span> <span class='ocrx_word' id='word_1_175' title='bbox 675 3696 692 3747; x_wconf 87' lang='grc'><strong>3</strong></span> <span class='ocrx_word' id='word_1_176' title='bbox 707 3694 915 3748; x_wconf 84' lang='lat' dir='ltr'><em>meliusculum</em></span> <span class='ocrx_word' id='word_1_177' title='bbox 932 3699 980 3750; x_wconf 83' lang='lat' dir='ltr'><em>est</em></span> <span class='ocrx_word' id='word_1_178' title='bbox 994 3711 1126 3752; x_wconf 88' lang='lat' dir='ltr'><em>monere.</em></span> 
     </span>
    </p>
   </div>
   <div class='ocr_carea' id='block_1_8' title="bbox 188 3778 1223 4357">
    <p class='ocr_par' dir='ltr' id='par_1_8' title="bbox 228 3778 846 3848">
     <span class='ocr_line' id='line_1_26' title="bbox 228 3778 846 3848; baseline 0 -15"><span class='ocrx_word' id='word_1_179' title='bbox 228 3778 268 3847; x_wconf 87' lang='grc'><em>(3)</em></span> <span class='ocrx_word' id='word_1_180' title='bbox 287 3779 313 3847; x_wconf 91' lang='lat'><em>3,</em></span> <span class='ocrx_word' id='word_1_181' title='bbox 329 3779 365 3832; x_wconf 90' lang='grc'><em>11</em></span> <span class='ocrx_word' id='word_1_182' title='bbox 379 3780 429 3846; x_wconf 88' lang='lat' dir='ltr'><em>qui</em></span> <span class='ocrx_word' id='word_1_183' title='bbox 442 3778 635 3833; x_wconf 78' lang='lat' dir='ltr'><em>meliusculus</em></span> <span class='ocrx_word' id='word_1_184' title='bbox 651 3794 722 3834; x_wconf 89' lang='lat' dir='ltr'><em>esse</em></span> <span class='ocrx_word' id='word_1_185' title='bbox 737 3780 846 3848; x_wconf 88' lang='lat' dir='ltr'><em>eoepit.</em></span> 
     </span>
    </p>

    <p class='ocr_par' dir='ltr' id='par_1_9' title="bbox 228 3863 759 3933">
     <span class='ocr_line' id='line_1_27' title="bbox 228 3863 759 3933; baseline 0.006 -18"><span class='ocrx_word' id='word_1_186' title='bbox 228 3865 267 3932; x_wconf 80' lang='grc'><em>(1)</em></span> <span class='ocrx_word' id='word_1_187' title='bbox 287 3863 314 3933; x_wconf 85' lang='grc'><em>9,</em></span> <span class='ocrx_word' id='word_1_188' title='bbox 330 3863 347 3915; x_wconf 93' lang='grc'><strong>3</strong></span> <span class='ocrx_word' id='word_1_189' title='bbox 366 3865 446 3931; x_wconf 82' lang='lat' dir='ltr'><em>Apes</em></span> <span class='ocrx_word' id='word_1_190' title='bbox 461 3864 568 3919; x_wconf 81' lang='lat' dir='ltr'><em>coloris</em></span> <span class='ocrx_word' id='word_1_191' title='bbox 582 3863 759 3919; x_wconf 60' lang='lat' dir='ltr'><em>meliuscule</em></span> 
     </span>
    </p>

    <p class='ocr_par' dir='ltr' id='par_1_10' title="bbox 228 3946 970 4019">
     <span class='ocr_line' id='line_1_28' title="bbox 228 3946 970 4019; baseline 0.004 -18"><span class='ocrx_word' id='word_1_192' title='bbox 228 3948 268 4015; x_wconf 88' lang='grc'><em>(5)</em></span> <span class='ocrx_word' id='word_1_193' title='bbox 287 3947 387 4001; x_wconf 86' lang='lat' dir='ltr'><em>Victor</em></span> <span class='ocrx_word' id='word_1_194' title='bbox 400 3947 445 4015; x_wconf 92' lang='grc'><em>11,</em></span> <span class='ocrx_word' id='word_1_195' title='bbox 462 3948 472 3998; x_wconf 92' lang='grc'><em>1</em></span> <span class='ocrx_word' id='word_1_196' title='bbox 490 3964 496 4015; x_wconf 94' lang='grc'><em>,</em></span> <span class='ocrx_word' id='word_1_197' title='bbox 513 3952 617 4015; x_wconf 88' lang='lat' dir='ltr'><em>pastor</em></span> <span class='ocrx_word' id='word_1_198' title='bbox 631 3947 675 4016; x_wconf 83' lang='grc'><em>11,</em></span> <span class='ocrx_word' id='word_1_199' title='bbox 691 3948 703 4000; x_wconf 94' lang='grc'><em>1</em></span> <span class='ocrx_word' id='word_1_200' title='bbox 720 3964 727 4017; x_wconf 90' lang='grc'><em>,</em></span> <span class='ocrx_word' id='word_1_201' title='bbox 744 3953 869 4003; x_wconf 88' lang='lat' dir='ltr'><em>venator</em></span> <span class='ocrx_word' id='word_1_202' title='bbox 883 3946 927 4019; x_wconf 87' lang='grc'><em>16,</em></span> <span class='ocrx_word' id='word_1_203' title='bbox 943 3949 970 4004; x_wconf 94' lang='grc'><em>1.</em></span> 
     </span>
    </p>

    <p class='ocr_par' dir='ltr' id='par_1_11' title="bbox 188 4032 1223 4357">
     <span class='ocr_line' id='line_1_29' title="bbox 229 4032 1223 4106; baseline 0.003 -20"><span class='ocrx_word' id='word_1_204' title='bbox 229 4032 269 4101; x_wconf 85' lang='grc'><em>(6)</em></span> <span class='ocrx_word' id='word_1_205' title='bbox 289 4033 361 4086; x_wconf 84' lang='lat' dir='ltr'><em>Haec</em></span> <span class='ocrx_word' id='word_1_206' title='bbox 375 4032 518 4086; x_wconf 82' lang='lat' dir='ltr'><em>adverbia</em></span> <span class='ocrx_word' id='word_1_207' title='bbox 533 4034 632 4087; x_wconf 90' lang='lat' dir='ltr'><em>notavi</em></span> <span class='ocrx_word' id='word_1_208' title='bbox 650 4048 656 4087; x_wconf 94' lang='lat'>:</span> <span class='ocrx_word' id='word_1_209' title='bbox 678 4034 808 4088; x_wconf 81' lang='lat' dir='ltr'><em>breviter</em></span> <span class='ocrx_word' id='word_1_210' title='bbox 822 4033 866 4103; x_wconf 89' lang='grc'><em>10,</em></span> <span class='ocrx_word' id='word_1_211' title='bbox 883 4036 918 4103; x_wconf 89' lang='grc'><em>5,</em></span> <span class='ocrx_word' id='word_1_212' title='bbox 936 4035 1112 4091; x_wconf 84' lang='lat' dir='ltr'><em>festinanter</em></span> <span class='ocrx_word' id='word_1_213' title='bbox 1125 4036 1152 4103; x_wconf 82' lang='grc'><em>1,</em></span> <span class='ocrx_word' id='word_1_214' title='bbox 1170 4035 1223 4106; x_wconf 88' lang='grc'><em>11,</em></span> 
     </span>
     <span class='ocr_line' id='line_1_30' title="bbox 188 4115 1223 4190; baseline 0 -15"><span class='ocrx_word' id='word_1_215' title='bbox 188 4118 322 4175; x_wconf 86' lang='lat' dir='ltr'><em>molliter</em></span> <span class='ocrx_word' id='word_1_216' title='bbox 336 4115 362 4185; x_wconf 88' lang='grc'>8,</span> <span class='ocrx_word' id='word_1_217' title='bbox 379 4117 414 4186; x_wconf 86' lang='grc'><em>1,</em></span> <span class='ocrx_word' id='word_1_218' title='bbox 432 4117 544 4184; x_wconf 84' lang='lat' dir='ltr'><em>pariter</em></span> <span class='ocrx_word' id='word_1_219' title='bbox 558 4120 585 4185; x_wconf 82' lang='grc'><em>1,</em></span> <span class='ocrx_word' id='word_1_220' title='bbox 601 4116 652 4186; x_wconf 86' lang='grc'><em>16,</em></span> <span class='ocrx_word' id='word_1_221' title='bbox 670 4118 846 4185; x_wconf 76' lang='lat' dir='ltr'><em>suppliciter</em></span> <span class='ocrx_word' id='word_1_222' title='bbox 860 4119 887 4187; x_wconf 79' lang='lat'><em>3,</em></span> <span class='ocrx_word' id='word_1_223' title='bbox 903 4119 936 4188; x_wconf 89' lang='lat'><em>8;</em></span> <span class='ocrx_word' id='word_1_224' title='bbox 953 4121 1149 4175; x_wconf 86' lang='lat' dir='ltr'><em>vehementer</em></span> <span class='ocrx_word' id='word_1_225' title='bbox 1159 4121 1185 4190; x_wconf 88' lang='lat'><em>7,</em></span> <span class='ocrx_word' id='word_1_226' title='bbox 1198 4121 1223 4175; x_wconf 87' lang='lat'><em>7.</em></span> 
     </span>
     <span class='ocr_line' id='line_1_31' title="bbox 188 4200 1223 4276; baseline 0.004 -20"><span class='ocrx_word' id='word_1_227' title='bbox 188 4235 226 4245; x_wconf 92' lang='lat'>-</span> <span class='ocrx_word' id='word_1_228' title='bbox 248 4203 371 4257; x_wconf 88' lang='lat' dir='ltr'><em>assidue</em></span> <span class='ocrx_word' id='word_1_229' title='bbox 392 4202 437 4270; x_wconf 81' lang='lat' dir='ltr'><em>ut,</em></span> <span class='ocrx_word' id='word_1_230' title='bbox 458 4200 511 4271; x_wconf 89' lang='grc'><em>11,</em></span> <span class='ocrx_word' id='word_1_231' title='bbox 538 4204 617 4256; x_wconf 85' lang='lat' dir='ltr'><em>claro</em></span> <span class='ocrx_word' id='word_1_232' title='bbox 640 4201 684 4271; x_wconf 89' lang='grc'><em>18,</em></span> <span class='ocrx_word' id='word_1_233' title='bbox 706 4203 740 4271; x_wconf 88' lang='grc'><em>3,</em></span> <span class='ocrx_word' id='word_1_234' title='bbox 767 4202 906 4272; x_wconf 74' lang='grc'>1111118,</span> <span class='ocrx_word' id='word_1_235' title='bbox 927 4203 963 4275; x_wconf 87' lang='grc'><em>1,</em></span> <span class='ocrx_word' id='word_1_236' title='bbox 989 4206 1117 4259; x_wconf 87' lang='lat' dir='ltr'><em>honeste</em></span> <span class='ocrx_word' id='word_1_237' title='bbox 1139 4206 1166 4274; x_wconf 90' lang='grc'><em>1,</em></span> <span class='ocrx_word' id='word_1_238' title='bbox 1187 4206 1223 4276; x_wconf 84' lang='grc'><em>1,</em></span> 
     </span>
     <span class='ocr_line' id='line_1_32' title="bbox 188 4287 381 4357; baseline -0.021 -11"><span class='ocrx_word' id='word_1_239' title='bbox 188 4294 296 4357; x_wconf 85' lang='lat' dir='ltr'><em>inepto</em></span> <span class='ocrx_word' id='word_1_240' title='bbox 312 4287 338 4357; x_wconf 81' lang='lat'><em>7,</em></span> <span class='ocrx_word' id='word_1_241' title='bbox 354 4287 381 4342; x_wconf 89' lang='grc'><em>1.</em></span> 
     </span>
    </p>
   </div>
   <div class='ocr_carea' id='block_1_9' title="bbox 0 0 1578 5100">
    <p class='ocr_par' dir='ltr' id='par_1_12' title="bbox 0 0 1578 5100">
     <span class='ocr_line' id='line_1_33' title="bbox 0 0 1578 5100; baseline 0 0"><span class='ocrx_word' id='word_1_242' title='bbox 0 0 1578 5100; x_wconf 95' lang='lat' dir='ltr'><em> </em></span> 
     </span>
    </p>
   </div>
  </div>
 </body>
</html>
