3134 5100
606 465 785 529 -103-

182 647 263 694 vum
279 625 482 712 genitivum
503 646 586 695 cum
605 627 773 696 neutrius
794 627 942 713 generis
959 627 1151 714 adjectivis
1165 628 1211 717 (1)

182 745 381 824 construat,
399 758 519 827 neque
538 740 698 827 denique
718 746 848 809 contra
867 760 963 826 eum,
982 741 1045 828 qui
1061 742 1212 810 absolu-

181 861 238 922 tus
265 861 429 939 uocatur,
447 853 646 923 ablativum
672 854 731 943 (2),
763 855 962 942 quidquam
993 854 1208 943 delinquat:

180 969 273 1038 nihil
290 990 416 1039 eorum
431 969 471 1076 in
487 969 621 1040 fabulis
636 971 742 1040 novis
757 971 936 1059 reperias,
1137 962 1140 968 ’

221 1210 270 1260 1v.
294 1228 338 1245 -
361 1195 437 1261 Hoc
460 1191 498 1260 in
521 1192 657 1262 fabulis
685 1193 796 1262 certis
812 1192 858 1282 (3)
881 1192 1110 1261 laudavimus
1134 1213 1208 1261 non

176 1305 320 1392 vitiose,
338 1327 420 1376 cum
436 1308 642 1394 complures
658 1308 822 1393 eJusdem
845 1307 994 1393 generis
1012 1309 1207 1376 verborum

176 1421 524 1509 comprehensiones
542 1422 817 1503 continuentur,
834 1424 1207 1517 temporauverborum

175 1536 417 1606 commutari:
443 1537 539 1605 idem
559 1536 599 1605 in
621 1537 756 1607 fabulis
776 1537 844 1622 eis,
867 1539 911 1606 de
932 1537 1064 1625 quibus
1084 1536 1206 1606 ambi-

174 1650 288 1736 gitur,
314 1653 399 1737 jure
423 1671 464 1720 ac
491 1651 622 1720 merito
647 1650 766 1739 possis
794 1652 976 1720 laudare:
1008 1671 1138 1739 nempe
1168 1651 1206 1720 in

173 1764 275 1832 hisce
290 1763 458 1834 versibus
481 1763 615 1851 ubique
635 1784 801 1851 praesens
821 1770 964 1852 tempus
984 1765 1204 1834 adhibetur:

207 1941 235 2013 6,
252 1941 279 1998 3.
297 1957 343 2014 sq.
365 1948 493 1999 sacratae
509 1945 587 2000 vatis
603 1934 780 1999 horrescunt
799 1959 905 2015 comae,
924 1947 1071 2015 Tripodes
1089 1962 1193 2000 mccen

174 2041 232 2109 tur,
255 2037 354 2108 mucii
368 2040 467 2110 adytis
482 2040 597 2108 Religio
615 2039 819 2111 Tremuntque
839 2042 912 2095 lauri
931 2042 1048 2110 etipse
1064 2041 1206 2111 pullescit

171 2133 247 2190 dies.
266 2163 300 2174 -
314 2133 360 2204 13,
375 2133 421 2204 16,
438 2149 484 2204 sq.
502 2135 589 2190 miles
601 2134 748 2206 prospicit
761 2134 901 2204 videtque
917 2141 949 2190 et
962 2150 1075 2203 aegram
1089 2137 1205 2191 etfacie

169 2231 297 2298 pulchra
315 2231 526 2300 seminam...;
548 2231 667 2286 animus
686 2229 879 2286 succenditur
897 2237 928 2287 et
949 2230 1100 2286 uritur...
1124 2233 1206 2300 cupi-

170 2325 259 2381 ditas.

168 2477 210 2544 In
226 2475 287 2544 his
302 2481 424 2544 autem
439 2476 533 2544 locis
547 2475 775 2565 praeteritum
793 2481 936 2564 tempus
951 2479 1118 2543 servatur
1134 2494 1143 2543 :

202 2641 230 2712 3,
247 2641 293 2713 15,
314 2656 361 2711 sq.
378 2638 506 2711 prendit
520 2636 611 2694 manu
633 2638 800 2710 Truuitque
816 2642 854 2696 ad
870 2646 981 2697 terram
996 2643 1061 2698 nasi
1076 2643 1204 2711 longitn-

167 2739 271 2794 dinem
291 2743 334 2793 et.
345 2776 370 2793 ..
393 2738 461 2807 ipsa
478 2737 606 2791 ridenda
622 2734 747 2791 exstitit.
764 2766 799 2777 -
816 2737 861 2807 ln,
878 2737 891 2791 l
914 2754 960 2806 sq.
976 2740 1087 2794 Asinus
1100 2741 1203 2807 jacen·

168 2838 230 2889 tem
257 2832 334 2888 vidit
361 2836 391 2889 in
419 2839 506 2914 prato
534 2834 647 2905 lyram3
677 2832 808 2889 Accessit
830 2841 862 2891 et
892 2835 1047 2906 temptauit
1073 2838 1203 2892 chordas

164 2934 288 3001 ungula.

211 3082 314 3152 Sicut
328 3081 366 3149 iu
382 3080 567 3150 veteribus
582 3080 641 3170 (4),
659 3081 710 3148 ita
726 3080 816 3148 etin
830 3080 934 3149 novis
951 3079 1085 3149 fabulis
1102 3081 1202 3148 futu·
1293 3149 1296 3154 .

165 3219 248 3267 rum
269 3202 412 3285 tempus
432 3202 513 3284 post
536 3195 638 3264 «si»
662 3195 824 3283 ponitur,
848 3215 930 3263 cum
954 3196 993 3263 in
1013 3197 1202 3281 proect'pud

162 3314 361 3382 verborum
388 3310 717 3399 comprehensione
744 3311 906 3378 futurum
929 3316 1071 3396 tempus
1094 3310 1201 3377 adhi-

163 3428 274 3496 betur
291 3444 299 3495 :

272 3583 317 3653 15,
333 3582 351 3637 6
369 3582 491 3648 Quidvis
507 3580 623 3652 efficies
641 3582 753 3635 cultum
766 3578 794 3632 si
808 3577 986 3650 deposueris

273 3680 315 3736 Ib.
336 3678 354 3735 8
372 3678 412 3734 Ni
427 3678 556 3748 dederis,
572 3680 689 3749 sponda
704 3676 826 3731 cessabit
840 3682 900 3733 tua.

198 3940 240 4008 (1)
260 3940 334 3995 Vide
352 3954 421 4009 pag.
442 3938 487 4010 58,
508 3955 554 4008 sq.

198 4024 240 4093 (2)
258 4025 333 4080 Vide
352 4039 420 4095 pag.
436 4024 481 4079 64.

184 4108 239 4177 ’(3)
258 4110 333 4166 Vide
350 4123 420 4178 pag.
440 4107 485 4178 68,
506 4123 552 4175 sq.

197 4196 240 4265 (4)
258 4194 332 4251 Vide
351 4210 419 4265 pag.
435 4194 480 4250 oe.
