3134 5100
632 501 791 573 ⁷35·-

192 665 338 748 3.14,9
359 660 423 751 [61.
447 665 553 731 Mart.
573 666 608 747 7,
632 665 676 732 31
697 669 732 732 16
755 667 897 732 secreta
919 663 1024 750 quies
1045 667 1081 730 te
1099 662 1227 748 sophus

194 775 314 844 omnis
330 774 464 864 amat];
480 775 727 862 -stropbaeL
745 779 801 860 11,
816 779 836 843 1
849 775 913 865 [61.
927 779 1032 844 Mart.
1048 778 1104 860 11,
1119 777 1227 861 rjam

193 892 341 978 stropha
354 890 440 959 talis
455 891 542 960 abit.
560 891 656 959 Plin.
674 912 731 979 ep.
747 895 776 977 Ι,
794 895 837 959 18
854 912 923 977 ego
946 892 1107 979 aliquam
1126 896 1226 958 stro-

187 1005 304 1090 pham
318 1004 544 1094 inveniam];
562 1042 606 1057 -
622 1005 732 1072 tribas
747 1007 781 1074 1.
799 1007 854 1091 15,
875 1008 891 1072 1
911 1003 975 1092 [61.
993 1009 1098 1074 Mart.
1116 1008 1144 1072 I.
1163 1007 1226 1090 913

195 1121 237 1206 7,
250 1117 326 1206 or].

200 1670 272 1710 men
286 1657 420 1724 vulgare,
439 1655 639 1724 nugatorium,
666 1655 818 1724 ineptum:
844 1656 925 1724 quod
949 1659 980 1711 et
998 1655 1028 1709 in
1042 1656 1100 1710 boc
1113 1654 1232 1710 Phaedri

199 1755 293 1796 versu
309 1741 531 1796 animadvertas

335 1877 349 1904 α
363 1863 474 1918 Legesnc
485 1862 566 1919 potius
578 1861 642 1906 viles
653 1862 753 1906 satiust
765 1876 778 1904 s
789 1863 810 1906 3.
825 1861 889 1905 Prol.
903 1861 929 1903 10

199 1976 232 2028 61
248 1971 278 2026 in
294 1973 351 2027 boc
365 1965 478 2028 Horatii
492 1987 604 2030 versu:

339 2109 349 2135 r
364 2094 460 2149 Roscia,
472 2095 519 2149 dic,
529 2095 609 2148 sodes,
620 2095 706 2139 melior
714 2095 755 2138 lex
768 2107 797 2138 an
808 2107 936 2151 puerorum
946 2096 1020 2138 nenia
1030 2109 1052 2138 κ.
1064 2095 1108 2151 Ep.
1119 2095 1139 2138 l.
1151 2095 1171 2149 1,
1180 2096 1218 2141 61.

240 2193 380 2250 Obsonia.
398 2195 428 2251 3.
446 2195 519 2265 1,1.
540 2197 580 2252 Cf.
596 2197 672 2266 Nep.
688 2199 795 2252 Tbem.
814 2197 850 2252 10
863 2198 1015 2267 Myuntem
1033 2199 1149 2268 urbem,
1165 2215 1234 2268 quae

201 2281 231 2336 61
249 2279 402 2334 obsonium
415 2282 580 2351 praeberet.
600 2283 671 2336 Hor.
687 2283 751 2337 Sat.
770 2286 800 2336 1.
820 2281 848 2352 1,
864 2282 881 2337 9
896 2282 1016 2336 obsonia
1032 2298 1177 2340 coemere.

239 2363 353 2434 Pegusa
368 2365 398 2419 5.
425 2366 452 2438 7,
468 2366 494 2420 7.
516 2367 557 2422 Cf.
582 2368 716 2423 ciebit
737 2366 800 2438 1,8
823 2368 895 2422 nihil
916 2369 1060 2423 illustrius
1082 2383 1172 2437 quam
1187 2369 1235 2423 illa

200 2455 259 2504 tua
268 2453 420 2519 promota.

240 2533 397 2603 Pelagius.
414 2535 445 2590 1.
464 2535 509 2606 11,
524 2535 540 2590 7
557 2537 598 2593 cf.
614 2538 698 2593 Varr.
714 2538 752 2594 R.
771 2537 810 2593 R.
829 2535 856 2609 3,
872 2535 890 2592 3
899 2535 1036 2609 pelayios
1049 2549 1160 2607 greges
1175 2538 1236 2607 pis-

201 2622 286 2676 cium
300 2622 460 2677 revocarit.

242 2705 339 2760 Scene
353 2707 384 2761 5.
401 2707 428 2777 5,
445 2707 488 2763 13.
507 2708 547 2763 af.
569 2709 628 2763 Cic.
645 2710 679 2765 N.
697 2710 731 2763 D.
748 2708 775 2779 3,
797 2709 831 2762 17
854 2723 912 2763 nec
935 2723 1007 2763 vero
1027 2724 1116 2763 sceno
1139 2710 1236 2763 solum

201 2792 318 2847 referta
332 2798 380 2847 est
394 2794 441 2847 bis
466 2794 645 2848 sceleribus,
673 2794 725 2849 Or.
749 2792 775 2863 3,
792 2791 840 2847 57.
859 2794 939 2861 Virg.
962 2793 1030 2847 AEn.
1054 2793 1082 2862 1,
1105 2791 1159 2847 168
1173 2798 1236 2847 tum

203 2880 300 2949 sylvis
318 2896 406 2935 scano
429 2882 574 2936 coruscis
600 2882 670 2935 Hor.
695 2885 751 2936 sat.
767 2881 798 2935 1.
826 2882 854 2950 1,
870 2879 901 2935 71
919 2882 1039 2947 avulgo
1055 2885 1086 2935 et
1105 2896 1193 2935 sceno
1206 2881 1237 2935 in

203 2960 328 3020 secreta
341 2970 503 3020 remorant.

171 3120 178 3126 .
243 3047 376 3119 Scyphos
391 3050 422 3105 1.
440 3050 484 3120 11,
508 3049 538 3103 7.
558 3050 599 3105 cf.
625 3050 684 3105 Cio.
711 3050 796 3103 Fam.
815 3048 890 3118 7,11
917 3050 1059 3105 Illuseras
1080 3052 1145 3106 beri
1160 3052 1239 3106 inter

201 3133 342 3202 scyphos.
362 3135 435 3189 Hor.
454 3135 550 3203 Epod.
565 3134 591 3204 9,
608 3134 642 3187 33
653 3134 828 3203 capaciores
838 3134 912 3189 affer
928 3136 996 3204 buc,
1008 3149 1094 3205 puer,
1104 3135 1236 3205 scyphos.

200 3220 292 3285 virg.
310 3219 377 3273 AEn.
397 3218 424 3288 8,
440 3219 493 3273 178
507 3234 594 3275 sacer
609 3220 742 3288 implevit
759 3220 897 3274 dextram
911 3220 1044 3290 scyphus.

244 3301 430 3372 Smaragdos
444 3304 475 3357 3.
496 3304 538 3373 18,
554 3304 583 3358 7.
605 3304 646 3359 cf.
663 3304 749 3358 Lucr.
774 3304 802 3373 1,
818 3302 890 3358 1113
913 3306 1044 3373 grandes
1063 3305 1149 3359 viridi
1169 3320 1238 3360 cum

202 3390 277 3443 luce
300 3386 455 3456 smaragdi
477 3403 549 3444 auro
571 3389 775 3443 includuntur.
803 3388 887 3443 Ovid.
910 3394 981 3444 met.
1007 3390 1034 3460 1,
1059 3390 1144 3443 11111
1164 3392 1238 3445 solio

202 3471 344 3529 Phoebus
359 3473 448 3526 olaus
463 3473 583 3527 lucente
597 3470 779 3541 smaraodis.
891 3485 894 3491 ·
1144 3473 1153 3485 ⁴

248 3554 388 3611 Toxicttm
402 3556 431 3609 1.
457 3557 502 3627 11,
517 3555 547 3611 8.
568 3557 609 3611 (11.
626 3558 696 3612 Hor.
714 3558 803 3625 epod.
823 3556 863 3627 17,
880 3556 911 3612 61
927 3557 1062 3612 toxicum
1081 3561 1235 3614 velox....

249 3642 429 3697 Triclinittnt
451 3644 481 3697 1.
510 3644 554 3713 15,
582 3644 630 3699 18.
657 3645 701 3699 Cf.
722 3645 781 3699 Cic.
805 3645 889 3699 Verr.
906 3643 937 3700 2.
961 3645 988 3714 2,
1005 3646 1041 3699 71
1061 3660 1121 3700 non
1136 3661 1239 3714 quaero

203 3730 293 3786 unde
307 3730 449 3785 habueris
465 3730 681 3798 quinquaginta
697 3728 904 3783 tricliniorum
916 3732 1022 3786 lectos.
1039 3732 1123 3787 Varr.
1140 3733 1178 3787 R.
1197 3733 1236 3787 R.

203 3814 238 3883 3,
254 3813 291 3867 13
305 3819 370 3868 erat
383 3816 468 3870 locus
484 3819 595 3885 certus,
611 3814 662 3869 ubi
679 3812 814 3867 triclinio
828 3815 927 3883 posito
941 3816 1149 3871 coenabamus.

248 3896 354 3976 Xystus
368 3898 398 3952 1.
418 3898 508 3968 5,18.
529 3899 573 3954 cf.
593 3901 655 3954 1111.
675 3900 701 3968 1,
717 3898 744 3955 8.
761 3900 890 3954 Hermas
904 3904 934 3954 et
948 3900 1037 3967 signa
1050 3905 1081 3955 61
1090 3905 1193 3955 cetera
1206 3930 1241 3941 -

207 3987 243 4037 et
259 3984 389 4037 maxime
405 3998 473 4051 quae
497 3984 551 4037 tibi
565 3984 713 4053 gymnasii
733 3982 874 4053 agstique
896 3984 1078 4039 videbuntur
1092 4000 1172 4041 esse.
1189 3986 1236 4040 Id.

204 4068 303 4125 Acad.
318 4068 346 4138 1,
361 4068 379 4123 3
393 4083 462 4123 cum
479 4083 576 4137 pauca
589 4070 619 4123 in
634 4071 718 4138 xysto
733 4069 824 4123 locuti
839 4083 990 4125 essemus.
1178 4067 1179 4070 ’

248 4151 332 4207 Zone
344 4154 374 4207 1.
393 4153 439 4223 11,
457 4153 512 4231 n.
523 4155 567 4208 cf.
587 4155 657 4211 Hor.
674 4156 726 4224 Ep.
743 4154 774 4208 1.
792 4154 879 4224 1,10.
896 4156 953 4210 Ibit
972 4170 1019 4225 eo,
1043 4157 1173 4226 quovis,
1190 4157 1241 4225 qui

205 4252 320 4293 zonam
334 4239 475 4307 perdidit.
492 4239 575 4307 Virg.
595 4240 632 4294 G.
650 4238 677 4294 1.
693 4237 747 4293 133
762 4240 896 4309 quinque
909 4245 1015 4307 tenent
1027 4242 1138 4295 coelum
1151 4256 1240 4297 zonae.
