3134 5100
772 533 947 612 .··5⁸-

353 703 485 770 Multos
510 705 631 770 autem
653 707 689 769 et
711 702 874 788 aequales
897 706 934 769 et
955 700 1097 788 priores
1120 699 1257 769 ibidem
1281 699 1383 767 deli-

352 819 474 906 quisse
493 821 573 888 haec
589 821 755 907 exempla
771 821 1032 907 comprobant:

386 985 447 1039 le.
471 983 515 1053 22,
541 984 578 1040 34
600 985 750 1040 contemni
770 985 918 1056 patribus.
936 1016 970 1024 —
991 986 1070 1053 Virg.
1094 987 1153 1041 Eel.
1179 987 1206 1055 u,
1221 985 1256 1040 72
1279 986 1333 1039 tihi
1349 1015 1384 1026 -

352 1084 472 1138 dicutur
487 1087 579 1154 erige.
597 1087 661 1141 rh'u.
680 1088 701 1140 1.
718 1085 772 1140 440
787 1101 886 1154 neque
901 1085 1037 1138 cernitur
1053 1084 1127 1154 ulli3
1144 1083 1171 1154 8,
1182 1083 1239 1139 272
1251 1086 1385 1138 maxima

352 1196 474 1249 semper
497 1180 614 1234 dicetur
638 1179 728 1235 nobis.
745 1209 780 1220 -
796 1181 880 1236 ovid.
905 1182 942 1235 ll.
959 1181 986 1249 3,
1001 1179 1050 1233 401
1075 1179 1209 1233 omuibus
1234 1179 1381 1247 auditur·,

351 1277 374 1330 Ι,
391 1275 443 1328 335
457 1291 528 1330 cava
545 1276 654 1330 bucina
667 1273 799 1328 sumitur
814 1273 873 1330 illi.
890 1276 976 1329 Trist.
993 1273 1019 1329 5.
1036 1274 1081 1342 10,
1096 1274 1130 1326 37
1150 1276 1201 1343 qui
1216 1290 1276 1330 nou
1291 1273 1384 1327 intel-

352 1371 429 1441 llpov·
443 1372 513 1426 ulli.

637 1524 966 1589 lll.-umvrr1vus
985 1539 1092 1588 casus
1164 1546 1169 1559 ’

393 1779 494 1854 Quod
513 1778 561 1866 ad
591 1774 795 1860 genitivum
826 1794 951 1842 casum
978 1773 1128 1858 attinet,
1152 1795 1261 1842 unam
1290 1793 1382 1840 ora-

349 1890 461 1958 tionis
485 1889 701 1976 pravitatem
724 1889 762 1956 in
790 1891 947 1957 Phaedro
972 1891 1236 1975 reprehendam
1261 1906 1270 1957 ε
1297 1908 1382 1974 quae

350 2003 496 2089 quidem
520 2005 615 2070 haud
639 2003 715 2070 scio
736 2022 782 2070 au
806 2003 852 2069 ad
874 2021 954 2069 cam
970 2000 1137 2087 opusculi
1153 2008 1293 2087 partem
1308 2019 1380 2086 po-

349 2115 422 2182 tius
438 2115 631 2182 referenda
647 2114 707 2196 sit,
720 2114 780 2182 ubi
796 2115 841 2180 de
856 2113 1058 2196 vocabulis,
1073 2112 1206 2198 quibus
1222 2131 1309 2180 usus
1325 2116 1382 2178 est

348 2231 548 2312 Phaedrus,
580 2228 816 2295 tractavimus
845 2246 853 2295 :
885 2245 1014 2313 nempe
1045 2225 1241 2293 locutionis
1270 2226 1380 2310 hujus

349 2345 429 2411 loco
447 2365 465 2408 «
481 2343 594 2409 multo
604 2343 725 2426 pluris
740 2364 757 2406 »
775 2343 884 2425 hanc,
900 2361 981 2427 quae
996 2359 1146 2426 prorsus
1161 2338 1311 2407 insolita
1325 2345 1382 2406 est

351 2481 369 2520 «
386 2457 499 2522 multo
513 2455 693 2532 rumoris»
710 2452 879 2521 adhibuit
895 2471 903 2520 ε

455 2621 486 2675 2.
505 2620 531 2689 5,
546 2619 581 2672 25
599 2622 690 2675 Multo
705 2617 829 2685 majoris
845 2620 940 2687 alapae
955 2631 1074 2671 mecum
1090 2620 1230 2671 veneunt.

396 2782 489 2854 Quot
503 2795 589 2843 vero
605 2782 640 2842 et
656 2795 764 2860 quam
779 2772 920 2859 gravia,
938 2771 1069 2858 quibus
1083 2774 1217 2840 Noster
1231 2769 1381 2838 omnino

350 2897 467 2975 vacat,
485 2890 580 2975 apud
597 2889 759 2975 aequales
774 2886 961 2953 invenias!

395 3105 426 3191 α)
448 3108 490 3172 ln
510 3123 553 3171 ea
569 3123 608 3170 re
623 3101 755 3171 vitiosa
771 3108 827 3170 est
842 3100 1040 3188 aequalium
1053 3102 1209 3169 Phaedre
1225 3098 1382 3185 scripto·

352 3240 430 3286 rurn
459 3218 589 3301 oratio,
613 3219 708 3304 quod
732 3216 899 3285 neutrius
920 3215 1069 3301 generis
1092 3214 1289 3300 adjectiva,
1314 3233 1381 3299 pro

352 3332 589 3401 substantivis
600 3331 811 3403 nominibus
825 3336 1011 3417 usurpata,
1023 3350 1104 3398 cum
1116 3329 1279 3422 genitivo
1293 3347 1381 3395 casu

352 3450 397 3515 ad
414 3468 523 3515 unam
538 3449 595 3515 vel
616 3448 740 3533 plures
763 3447 817 3514 rei
833 3452 955 3534 partes
977 3447 1226 3531 designandas
1245 3446 1381 3533 saepius

301 3557 304 3562 ’
352 3561 598 3629 adhibentur:
617 3563 725 3646 quod,
744 3566 782 3628 ut
795 3562 853 3628 vel
870 3563 965 3647 apud
987 3581 1049 3629 eos
1069 3562 1253 3656 interdum
1268 3580 1381 3647 repe-

352 3673 447 3742 ritur
476 3672 536 3758 qui
568 3672 695 3758 optimi
724 3672 980 3740 existimantur
1006 3672 1203 3760 scriptores
1233 3672 1299 3761 (l),
1329 3672 1383 3741 ita

232 3868 240 3887 ι
352 3807 478 3873 parum
496 3786 649 3853 latinum
666 3788 821 3873 ideoque
838 3788 1025 3855 vitandum
1041 3808 1121 3856 esse
1133 3793 1286 3856 constat.
1304 3789 1382 3855 Hoc

351 3902 528 3969 orationis
550 3902 678 3969 vitium
703 3922 749 3969 ne
771 3904 992 3988 admitteret,
1018 3905 1196 3971 Phaedrus
1218 3904 1384 3988 diligen-

351 4015 491 4083 tissime
508 4015 604 4083 cavit
621 4033 627 4083 :
648 4015 710 4102 qui
727 4035 800 4083 non
815 4024 853 4082 ut
867 4016 1049 4100 Virgilius
1067 4038 1085 4080 «
1100 4017 1258 4101 parcitis
1270 4018 1385 4101 hujus

387 4268 426 4337 (l)
441 4269 569 4337 Madvig.
585 4270 648 4325 Lat.
666 4270 799 4338 Sprachl.
815 4268 838 4338 ἓ.
853 4268 916 4326 284.
934 4271 1057 4338 Draeger
1070 4271 1092 4325 Ι.
1108 4285 1176 4339 pag.
1192 4268 1255 4325 453.
1272 4286 1319 4338 sq.
