3134 5100
650 577 688 587 -
709 544 750 605 25
770 577 809 587 -

211 695 408 782 significet.
432 699 513 766 Non
535 697 646 782 enim,
670 702 709 767 ut
733 698 881 785 quidem
906 717 975 783 ego
996 699 1128 784 sentio,
1151 697 1246 767 sicut

211 811 388 879 Phaedrus
403 810 455 879 ite
470 813 593 880 Caesar
608 811 780 879 Cicerove
798 811 951 879 dixisset
967 828 975 878 ε

318 976 332 1013 c
352 960 382 1015 Si
394 975 466 1016 vero
481 961 613 1019 accessit
626 959 803 1015 consiliator
818 962 973 1016 maleficus
991 979 1016 1031 1,

853 1057 881 1112 2.
898 1058 925 1127 6,
942 1058 960 1111 2

208 1177 421 1264 sedpotius,
435 1178 531 1264 quod
542 1177 660 1262 magis
676 1179 783 1246 honae
798 1177 973 1245 latinitati
989 1177 1215 1246 consentiret
1231 1196 1238 1245 :

88 1305 94 1316 “
209 1315 228 1358 «
253 1292 290 1360 Si
306 1292 387 1379 quis
399 1311 486 1360 vero
502 1291 643 1360 accedit
655 1293 717 1390 qui
732 1291 895 1377 maligne
914 1292 1121 1360 consilietur
1140 1315 1173 1360 1.

254 1495 379 1579 Itaque
403 1492 455 1560 sio
478 1495 678 1579 prudenter
703 1513 744 1561 ac
764 1496 971 1561 verecunde
995 1494 1118 1561 in-tor
1137 1495 1242 1562 desi-

206 1607 333 1675 nentia
357 1606 507 1675 nomina
531 1607 709 1676 Phaedrus
732 1607 892 1675 admittit
909 1614 960 1693 ut,
977 1627 1050 1676 uno
1074 1615 1238 1696 excepto,

206 1720 309 1787 nullo
339 1739 426 1788 usus
455 1720 503 1788 sit
530 1721 617 1807 quin
640 1723 717 1806 Jam
740 1741 761 1788 a
785 1720 970 1807 prioribus
996 1720 1240 1807 scriptoribus

207 1833 319 1901 fuerit
334 1819 545 1902 admissum.
562 1835 689 1903 Cetera
705 1834 991 1919 diligentissime
1007 1835 1119 1902 evitat
1131 1840 1239 1923 atque

206 1949 327 2036 potius
346 1949 481 2033 verbis,
500 1969 519 2016 e
547 1949 679 2036 quibus
701 1970 745 2017 ea
766 1950 917 2017 nomina
941 1950 1119 2018 inclinata
1139 1957 1237 2036 sunt,

206 2063 334 2148 utitur,
358 2066 491 2132 nedum
514 2084 608 2132 nova
630 2070 666 2131 et
687 2064 854 2134 inaudita
868 2067 1046 2134 vocabula
1069 2066 1236 2155 recipiat.

206 2178 265 2248 Sic
280 2198 367 2264 11011,
381 2184 419 2245 ut
430 2177 624 2263 Virgilius
642 2178 739 2246 dicet
756 2197 764 2246 :

313 2356 326 2388 c
346 2337 542 2392 Praenesunae
555 2336 701 2405 fundator
722 2337 817 2391 defuit
830 2336 924 2390 urhis.
943 2354 956 2385 »

843 2434 907 2488 AEn.
921 2433 947 2489 7.
963 2432 1027 2505 678,

203 2521 268 2588 sed
286 2537 294 2588 :

419 2643 432 2673 c
452 2624 563 2678 Parvas
578 2622 635 2677 sihi
649 2622 805 2692 7001101111
818 2624 914 2680 aedes
926 2642 949 2761 ἔ
969 2706 987 2761 9
1012 2704 1029 2759 2

946 2751 953 2764 .
989 2748 996 2776 ‚
1033 2748 1039 2761 .

202 2827 296 2907 Quid
310 2846 508 2895 memorem
519 2828 674 2894 latrator
685 2828 856 2913 (latrator
865 2828 1096 2896 AnubisAEn.
1109 2832 1142 2913 8,
1155 2831 1233 2897 698.

202 2944 255 3011 Cf.
273 2943 375 3011 Ovid.
393 2945 478 3011 Met.
495 2944 529 3025 9,
546 2941 639 3029 690),
660 2947 819 3009 vastator
833 2942 1007 3030 (terarum
1022 2947 1236 3010 vastatorem

201 3058 378 3153 Amycum
390 3060 472 3124 AEn.
489 3059 523 3141 9,
539 3058 618 3124 772.
636 3057 688 3123 Cf.
707 3056 810 3124 Ovid.
832 3060 879 3124 M.
901 3057 1045 3144 9,192)‚
1065 3062 1237 3142 reputator

203 3169 299 3259 (AEn.
315 3173 349 3254 4,
365 3170 444 3257 249)
463 3188 470 3237 :
493 3187 648 3256 quorum
665 3169 856 3236 nominum
877 3170 957 3237 loco
978 3171 1058 3238 haec
1078 3170 1235 3257 partici-

202 3285 265 3374 pia
280 3288 464 3355 1011111115.
483 3289 538 3370 10,
552 3289 586 3369 7,
603 3289 743 3352 castaus
756 3283 902 3371 (cuncta
914 3290 1054 3352 castaus
1067 3288 1101 3352 3.
1115 3288 1150 3367 2,
1166 3286 1235 3374 14),

201 3418 358 3483 repuens
372 3398 441 3484 (leo
457 3416 610 3482 1091111111
625 3402 659 3481 4,
677 3397 745 3485 13),
760 3399 960 3465 secundum
978 3397 1135 3465 sincerae
1149 3398 1236 3465 lati-

202 3512 331 3581 nitatis
346 3513 450 3597 leges
466 3512 661 3579 Phaedrum
676 3510 843 3578 videmus
859 3511 1051 3579 admittere
1066 3513 1080 3578 t

250 3630 296 3696 Ut
324 3628 419 3726 apud
448 3624 616 3694 Ovidium
644 3628 725 3693 haec
754 3625 905 3692 nomina
933 3644 1026 3693 nova
1057 3625 1235 3713 reperias

203 3740 330 3829 qualia
367 3741 611 3807 dissimulator
644 3739 910 3827 (dissimulator
938 3738 1087 3827 amoris)
1122 3742 1170 3806 M.
1200 3740 1235 3823 5,

202 3861 245 3927 61
263 3857 332 3948 (1);
350 3859 505 3932 mirator
522 3856 658 3945 (rerum
672 3855 840 3944 mirator)
856 3860 904 3924 M.
921 3860 955 3941 4,
971 3858 1034 3924 641
1053 3854 1121 3943 (2);
1137 3857 1238 3939 post-

240 4101 280 4169 (1)
300 4100 341 4155 Gl.
357 4101 427 4154 Hor.
445 4101 497 4168 Ep.
513 4100 536 4154 1.
552 4099 579 4169 9,
594 4099 613 4154 9
627 4097 835 4154 dissimulator
850 4100 917 4168 opis
931 4099 1074 4170 propriae.

240 4187 279 4254 (2)
299 4186 340 4242 cf.
357 4186 444 4254 Prop.
460 4185 487 4240 3.
503 4184 598 4255 4[13],
610 4184 697 4252 911011
709 4200 765 4252 ego
777 4200 844 4240 sum
858 4186 962 4241 lormae
976 4189 1092 4239 tantum
1106 4181 1238 4238 mirator

203 4274 342 4329 honestae
357 4273 448 4341 (edid.
464 4273 534 4328 Luc.
560 4274 692 4328 Mueller.
711 4272 804 4341 1874).
