3134 5100
569 479 748 544 ..101-

189 645 234 713 Ut
257 642 296 712 in
320 642 396 713 illis
418 643 554 713 sabulis
575 646 687 714 verbo
709 642 869 730 simplici
897 665 916 708 «
939 645 1055 729 lipare
1075 665 1094 708 s
1111 642 1172 730 (l),

145 762 196 830 ita
221 761 260 831 in
289 762 348 831 his
375 764 487 833 verbo
518 770 668 849 «lipare
693 785 712 828 v
739 762 884 832 dativus
908 781 1015 831 oasus
1042 761 1173 830 vitiosa

145 879 369 965 adjungitur.

233 1039 246 1072 «
266 1019 388 1090 Virique
400 1034 513 1091 eorpus
528 1021 620 1077 tradit
632 1018 786 1092 fipeodum
800 1018 883 1074 cruet
897 1037 910 1075 ι
926 1018 971 1090 13,
986 1018 1034 1074 29.

188 1234 257 1304 Ubi
279 1239 400 1303 autem
421 1234 459 1304 in
481 1235 642 1323 quinque
662 1241 828 1309 veterum
843 1235 1050 1304 fabularum
1071 1233 1177 1304 libris

144 1369 247 1438 purae
276 1351 452 1421 latinitati
476 1353 685 1440 propiorem
709 1354 907 1421 Phaedrum
929 1350 1101 1436 vidimus,
1125 1350 1177 1420 ibi

143 1487 273 1556 puram
298 1473 335 1536 et
360 1471 590 1538 emendatam
617 1469 821 1539 orationem
849 1468 889 1537 in
915 1468 1051 1537 fabulis
1072 1467 1177 1536 novis

143 1581 365 1650 invenimus.
390 1583 535 1652 Etenim
556 1604 630 1653 non
649 1584 768 1670 magis
787 1583 827 1652 in
843 1583 901 1653 his
917 1603 1025 1672 quam
1045 1583 1177 1651 inillis

143 1697 294 1766 nomina
327 1699 511 1768 abstracta
538 1699 579 1767 in
607 1699 744 1787 plurali
773 1717 927 1767 numero
957 1697 1178 1766 insolentius

144 1817 382 1900 usurpantur,
391 1833 509 1900 neque
524 1815 638 1886 verba
656 1834 675 1883 e
691 1815 833 1883 duabus
850 1814 1014 1900 ejusdem
1030 1812 1180 1899 generis

142 1929 1180 2018 praepositionibusoompositaoccurruntnequeintran-

142 2046 254 2116 sitiva
267 2049 380 2118 verba
401 2050 605 2118 efferuntur
622 2048 828 2133 transitive,
849 2067 969 2135 neque
983 2048 1178 2116 verborum

141 2164 407 2251 deponentium
444 2164 640 2253 participia
675 2171 804 2234 contra
839 2166 946 2235 bonae
985 2163 1179 2232 latinitatis

141 2280 247 2366 leges
270 2280 414 2368 passive
437 2280 669 2350 adhibentur.

185 2608 240 2661 111.
267 2628 311 2645 -
335 2595 381 2662 Ut
400 2592 439 2661 in
460 2593 571 2662 certis
593 2593 741 2678 fabulis,
762 2593 815 2662 ita
834 2593 874 2662 in
891 2593 946 2662 eis
965 2595 1009 2661 de
1025 2613 1179 2681 quarum

142 2718 296 2778 auctore
316 2708 416 2776 inter
434 2708 616 2777 litteratos
638 2709 736 2778 viros
757 2729 832 2778 non
854 2710 1003 2779 omnino
1023 2716 1178 2794 constat,

140 2825 298 2899 verbum
315 2844 512 2910 «cropore»
530 2821 580 2911 [=
594 2824 756 2915 precari]
774 2845 857 2893 cum
872 2826 1014 2895 duobus
1027 2845 1181 2894 accusa-

141 2940 228 3009 tivis
245 2940 485 3027 conjungitur
502 2958 510 3009 :

198 3166 200 3170 Ι
252 3090 282 3160 l,
319 3088 333 3144 l
361 3089 484 3161 Vulpem
498 3089 624 3159 rogabat
634 3093 757 3160 partem
771 3091 879 3147 oaudae
892 3092 1012 3147 Simius,

233 3184 282 3256 13,
303 3185 338 3240 ll
355 3185 473 3256 Aquom
487 3186 603 3255 rogavit
617 3186 718 3241 media
731 3191 820 3243 nocte
834 3186 1024 3242 ancillulam.

186 3404 276 3471 Non
305 3400 427 3471 minus
455 3400 662 3487 frequentia
692 3400 844 3469 suntin
872 3400 976 3469 novis
1006 3421 1114 3489 quam
1142 3400 1181 3469 in

140 3517 336 3587 veteribus
358 3515 493 3585 fabulis
514 3514 747 3585 intransitiva
766 3514 832 3582 illa
851 3516 963 3584 verba
982 3535 1078 3602 quae,
1100 3534 1182 3583 oum

141 3630 363 3721 praepositio
375 3630 429 3699 eis
443 3628 609 3717 apposita
620 3633 687 3713 est,
700 3627 850 3697 omnino
865 3630 957 3697 fiunt
967 3628 1180 3713 transitiva:

140 3748 220 3817 imo
251 3749 323 3816 hoo
352 3765 440 3815 sane
469 3744 706 3813 memorabile
735 3750 803 3829 est,
832 3746 1027 3814 verborum
1057 3764 1183 3813 eorum

141 3869 232 3953 duo,
257 3885 341 3953 quae
361 3864 400 3934 in
415 3863 577 3951 antiquis
592 3864 727 3933 fabulis
744 3862 1007 3948 invenerimus,
1025 3862 1063 3931 in
1078 3863 1184 3931 novis

142 4002 296 4073 quoque
312 4000 505 4050 occurrere
523 3998 531 4049 :

179 4237 221 4308 (l)
245 4235 291 4291 cf.
307 4250 337 4304 p,
352 4233 398 4289 46.
