3134 5100
580 571 738 636 -e3..

152 745 241 825 tum,
265 738 303 806 in
327 739 448 806 locum
470 737 623 824 hujusce
646 734 750 805 verbi
774 757 793 801 u
814 734 997 804 trucidant
1017 756 1055 819 »,
1079 735 1175 821 quod

152 850 293 938 quidem
307 854 435 919 contra
453 847 590 917 iamhei
608 846 784 917 carminis
799 849 903 933 leges
917 847 957 914 in
972 845 1176 915 Pithoeano

152 963 392 1050 Remensique
408 961 534 1047 codiee
550 960 749 1046 invenitur,
760 959 930 1030 nonnulli
941 959 1178 1044 subjecerunt

255 1133 268 1164 u
289 1114 430 1182 Interque
446 1113 562 1168 oaedem
577 1113 656 1166 ferro
670 1113 785 1166 mulum
802 1111 957 1166 trucidant
972 1127 1008 1181 »3

153 1249 213 1317 alii
240 1256 382 1333 autem,
405 1250 504 1318 inter
530 1268 621 1336 quos
649 1248 832 1317 Lucianus
857 1250 1025 1335 Mueller,
1051 1267 1177 1318 «sau-

152 1363 244 1430 ciant
262 1385 281 1428 >›
298 1363 423 1447 legere
439 1380 514 1430 non
529 1360 800 1430 dubitaverunt.

194 1570 270 1636 Hoo
296 1587 383 1636 vero
407 1567 640 1635 manifestius
669 1567 779 1636 etiam
804 1568 1048 1652 confirmabo,
1073 1585 1180 1653 quam

154 1678 351 1765 diligenter
373 1680 417 1748 ab
440 1679 602 1748 insolitis
624 1679 775 1749 vocibus
791 1681 969 1748 Phaedrus
985 1684 1130 1764 caveat,
1149 1679 1185 1747 si

155 1809 173 1857 e
194 1790 364 1878 plurimis
391 1791 469 1860 illis
494 1792 599 1861 novis
622 1791 873 1879 inauditisque
901 1791 1073 1877 vocibus,
1099 1812 1181 1879 quae

155 1906 245 1990 apud
261 1904 425 1990 aequales
441 1909 650 1990 occurrunt,
666 1923 776 1972 unam
793 1905 938 1972 demum
952 1911 1014 1972 aut
1029 1905 1182 1972 alteram

155 2020 245 2105 apud
261 2020 458 2087 Phaedrum
474 2038 652 2106 apparere
670 2021 878 2088 ostendero,

375 2289 403 2354 I.
428 2322 472 2337 -
493 2305 540 2354 un
566 2302 802 2354 sunsruurrvo
823 2273 961 2354 nomina

194 2520 225 2610 α)
247 2525 325 2591 Hoc
339 2521 524 2591 neminem
540 2521 636 2591 fallit
655 2523 806 2592 nomina
822 2523 1050 2593 substantiva
1065 2523 1184 2593 in-tor

155 2641 285 2706 et-trim
299 2638 519 2723 desinentia,
536 2658 688 2725 perrara
703 2639 824 2724 initio,
841 2639 879 2707 in
896 2639 993 2708 diem
1009 2642 1184 2727 frequen·

154 2750 246 2821 liora
266 2730 465 2821 exstitisse,
483 2752 575 2831 Quid
591 2753 745 2822 miruml
764 2757 903 2841 Nempe
919 2754 1005 2823 huic
1020 2755 1075 2823 rei
1091 2775 1182 2842 pro-

154 2864 281 2934 ficiunt
296 2865 403 2933 istius
423 2866 521 2933 modi
539 2868 729 2951 voeabula,
748 2871 786 2933 ut
806 2867 1012 2935 breviorem
1028 2868 1182 2954 expedi-

153 2978 355 3067 tioremque
385 2981 540 3047 reddant
562 2979 765 3048 orationem
795 2984 924 3066 atque,
949 2987 989 3048 ut
1017 2982 1183 3069 exemplo

154 3097 246 3179 utar,
270 3112 338 3182 per
362 3113 405 3161 ea
427 3113 501 3161 non
525 3092 649 3161 multis
669 3092 793 3161 verbis
816 3096 916 3177 «qui
935 3098 1126 3161 coutemnit
1147 3118 1181 3182 »,

154 3210 214 3275 sed
238 3210 401 3278 breviter
425 3209 714 3298 simpliciterque
738 3215 1035 3297 «contemptor»
1060 3212 1182 3279 dicere

153 3319 263 3389 liceat
279 3321 338 3411 (1).
362 3323 475 3390 Multa
498 3322 645 3408 quidem
665 3324 759 3408 apud
776 3324 972 3390 Phaedrum
988 3329 1185 3391 occurrunt

153 3434 304 3502 nomina
315 3434 543 3503 substantiva
554 3434 673 3501 in-tor
685 3434 857 3502 exeuntia
865 3455 876 3521 3
891 3437 956 3504 sed
971 3438 1048 3503 sere
1061 3436 1184 3505 omnia
1215 3472 1219 3479 ·

80 3550 82 3557 “
154 3554 237 3615 sunt
257 3547 415 3616 maxime
444 3567 547 3636 purae
572 3547 787 3633 latinitatis,
818 3548 952 3636 quippe
984 3569 1066 3635 quae
1088 3549 1183 3637 apud

153 3661 335 3731 Caesarem
344 3661 615 3746 Ciceronem,
625 3660 809 3729 interdum
825 3662 936 3729 etiam
945 3665 1040 3751 apud
1053 3668 1185 3730 utrum·

154 3793 222 3861 que
238 3776 474 3865 reperiantur
488 3777 548 3866 (2).

188 4033 226 4102 (1)
247 4034 290 4090 cf.
308 4034 344 4088 H.
361 4034 487 4090 Goelzer.
504 4033 599 4088 Etude
622 4034 887 4103 lexicographique
912 4039 943 4089 et
960 4035 1185 4103 grammaticale

154 4130 204 4172 sur
219 4120 247 4173 la
262 4120 378 4173 latinite
393 4119 431 4173 de
447 4119 621 4173 St-Jorome.
637 4119 721 4173 Paris
735 4116 816 4173 1884.
833 4117 923 4173 Praef.

188 4202 227 4271 (2)
247 4205 322 4259 Haeo
336 4203 482 4258 voeabula
495 4204 611 4257 notavi:
635 4206 790 4256 accusator
803 4203 830 4257 3.
846 4204 924 4259 Prol.
939 4204 993 4274 413
1016 4203 1138 4272 adjutor
1156 4205 1184 4259 5.

153 4285 179 4355 5,
196 4288 247 4359 143
267 4292 374 4342 auctor
387 4288 414 4343 ll.
432 4288 477 4358 15,
493 4286 511 4341 3
554 4286 758 4343 calumniator
772 4290 795 4343 Ι.
812 4288 857 4359 17,
872 4288 906 4359 23
927 4290 1031 4358 fautor
1045 4291 1072 4345 5.
1087 4290 1114 4361 7,
1129 4290 1183 4362 29;
