<?xml version="1.0" encoding="UTF-8"?>
<!DOCTYPE html PUBLIC "-//W3C//DTD XHTML 1.0 Transitional//EN"
    "http://www.w3.org/TR/xhtml1/DTD/xhtml1-transitional.dtd">
<html xmlns="http://www.w3.org/1999/xhtml" xml:lang="en" lang="en">
 <head>
  <title>
</title>
<meta http-equiv="Content-Type" content="text/html;charset=utf-8" />
  <meta name='ocr-system' content='tesseract 3.04.00' />
  <meta name='ocr-capabilities' content='ocr_page ocr_carea ocr_par ocr_line ocrx_word'/>
</head>
<body>
  <div class='ocr_page' id='page_1' title='image "./dephaedrisermon00causgoog_0063.png"; bbox 0 0 3134 5100; ppageno 0'>
   <div class='ocr_carea' id='block_1_1' title="bbox 643 554 802 616">
    <p class='ocr_par' dir='ltr' id='par_1_1' title="bbox 643 554 802 616">
     <span class='ocr_line' id='line_1_1' title="bbox 643 554 802 616; baseline 0.006 -16"><span class='ocrx_word' id='word_1_1' title='bbox 643 554 802 616; x_wconf 68' lang='lat'>..47-</span> 
     </span>
    </p>
   </div>
   <div class='ocr_carea' id='block_1_2' title="bbox 206 689 1238 884">
    <p class='ocr_par' dir='ltr' id='par_1_2' title="bbox 206 689 1238 884">
     <span class='ocr_line' id='line_1_2' title="bbox 206 689 1238 787; baseline 0.002 -19"><span class='ocrx_word' id='word_1_2' title='bbox 206 689 388 768; x_wconf 66' lang='lat' dir='ltr'><strong>nasama</strong></span> <span class='ocrx_word' id='word_1_3' title='bbox 407 715 493 786; x_wconf 70' lang='lat' dir='ltr'><strong>capu</strong></span> <span class='ocrx_word' id='word_1_4' title='bbox 510 717 655 784; x_wconf 71' lang='lat' dir='ltr'><strong>(siticen).</strong></span> <span class='ocrx_word' id='word_1_5' title='bbox 676 717 732 786; x_wconf 76' lang='lat' dir='ltr'><strong>[au</strong></span> <span class='ocrx_word' id='word_1_6' title='bbox 745 719 813 773; x_wconf 79' lang='lat' dir='ltr'><strong>reu.</strong></span> <span class='ocrx_word' id='word_1_7' title='bbox 838 719 867 772; x_wconf 81' lang='lat' dir='ltr'><strong>u</strong></span> <span class='ocrx_word' id='word_1_8' title='bbox 888 719 1022 787; x_wconf 81' lang='lat' dir='ltr'><strong>tepidum</strong></span> <span class='ocrx_word' id='word_1_9' title='bbox 1044 733 1141 787; x_wconf 76' lang='lat' dir='ltr'><strong>genus</strong></span> <span class='ocrx_word' id='word_1_10' title='bbox 1162 716 1238 772; x_wconf 63' lang='lat' dir='ltr'><strong>uest·-</strong></span> 
     </span>
     <span class='ocr_line' id='line_1_3' title="bbox 206 812 439 884; baseline 0.004 -17"><span class='ocrx_word' id='word_1_11' title='bbox 206 813 315 867; x_wconf 83' lang='lat' dir='ltr'><strong>derure</strong></span> <span class='ocrx_word' id='word_1_12' title='bbox 331 812 439 884; x_wconf 82' lang='lat' dir='ltr'><strong>coepit).</strong></span> 
     </span>
    </p>
   </div>
   <div class='ocr_carea' id='block_1_3' title="bbox 200 959 1241 1499">
    <p class='ocr_par' dir='ltr' id='par_1_3' title="bbox 200 959 1241 1499">
     <span class='ocr_line' id='line_1_4' title="bbox 252 959 1241 1047; baseline 0.005 -24"><span class='ocrx_word' id='word_1_13' title='bbox 252 959 337 1023; x_wconf 88' lang='lat' dir='ltr'><strong>ldeo</strong></span> <span class='ocrx_word' id='word_1_14' title='bbox 360 977 446 1024; x_wconf 89' lang='lat' dir='ltr'><strong>vero</strong></span> <span class='ocrx_word' id='word_1_15' title='bbox 472 959 706 1026; x_wconf 87' lang='lat' dir='ltr'><strong>excusatione</strong></span> <span class='ocrx_word' id='word_1_16' title='bbox 733 960 869 1044; x_wconf 80' lang='lat' dir='ltr'><strong>dignus</strong></span> <span class='ocrx_word' id='word_1_17' title='bbox 891 961 1048 1045; x_wconf 88' lang='lat' dir='ltr'><strong>videtur,</strong></span> <span class='ocrx_word' id='word_1_18' title='bbox 1076 961 1175 1047; x_wconf 87' lang='lat' dir='ltr'><strong>quia,</strong></span> <span class='ocrx_word' id='word_1_19' title='bbox 1200 967 1241 1028; x_wconf 91' lang='lat' dir='ltr'><strong>ut</strong></span> 
     </span>
     <span class='ocr_line' id='line_1_5' title="bbox 200 1070 1239 1158; baseline 0.006 -24"><span class='ocrx_word' id='word_1_20' title='bbox 200 1070 280 1154; x_wconf 88' lang='lat' dir='ltr'><strong>jam</strong></span> <span class='ocrx_word' id='word_1_21' title='bbox 318 1074 402 1135; x_wconf 89' lang='lat' dir='ltr'><strong>ante</strong></span> <span class='ocrx_word' id='word_1_22' title='bbox 436 1072 514 1154; x_wconf 87' lang='lat' dir='ltr'><strong>ejus</strong></span> <span class='ocrx_word' id='word_1_23' title='bbox 548 1074 712 1156; x_wconf 87' lang='lat' dir='ltr'><strong>tempora</strong></span> <span class='ocrx_word' id='word_1_24' title='bbox 744 1077 878 1156; x_wconf 66' lang='lat' dir='ltr'><strong>¹(scutra</strong></span> <span class='ocrx_word' id='word_1_25' title='bbox 917 1075 1082 1140; x_wconf 88' lang='lat' dir='ltr'><strong>camdem</strong></span> <span class='ocrx_word' id='word_1_26' title='bbox 1117 1074 1239 1158; x_wconf 85' lang='lat' dir='ltr'><strong>legem</strong></span> 
     </span>
     <span class='ocr_line' id='line_1_6' title="bbox 205 1182 1239 1273; baseline 0.004 -23"><span class='ocrx_word' id='word_1_27' title='bbox 205 1185 325 1250; x_wconf 87' lang='lat' dir='ltr'><strong>Varro</strong></span> <span class='ocrx_word' id='word_1_28' title='bbox 347 1182 407 1270; x_wconf 87' lang='lat'><strong>(1),</strong></span> <span class='ocrx_word' id='word_1_29' title='bbox 433 1183 555 1250; x_wconf 89' lang='lat' dir='ltr'><strong>Livius</strong></span> <span class='ocrx_word' id='word_1_30' title='bbox 573 1185 633 1271; x_wconf 76' lang='grc'>(2),</span> <span class='ocrx_word' id='word_1_31' title='bbox 658 1185 831 1253; x_wconf 80' lang='lat' dir='ltr'><strong>Horatius</strong></span> <span class='ocrx_word' id='word_1_32' title='bbox 848 1185 895 1273; x_wconf 86' lang='lat'><strong>(3)</strong></span> <span class='ocrx_word' id='word_1_33' title='bbox 917 1186 1165 1272; x_wconf 87' lang='lat' dir='ltr'><strong>deliquerunt,</strong></span> <span class='ocrx_word' id='word_1_34' title='bbox 1187 1187 1239 1254; x_wconf 91' lang='lat' dir='ltr'><strong>ita</strong></span> 
     </span>
     <span class='ocr_line' id='line_1_7' title="bbox 205 1295 1240 1386; baseline 0.004 -24"><span class='ocrx_word' id='word_1_35' title='bbox 205 1295 313 1362; x_wconf 88' lang='lat' dir='ltr'><strong>multi</strong></span> <span class='ocrx_word' id='word_1_36' title='bbox 330 1298 492 1381; x_wconf 88' lang='lat' dir='ltr'><strong>ejusdem</strong></span> <span class='ocrx_word' id='word_1_37' title='bbox 513 1301 633 1381; x_wconf 85' lang='lat' dir='ltr'><strong>aetate,</strong></span> <span class='ocrx_word' id='word_1_38' title='bbox 654 1297 751 1365; x_wconf 86' lang='lat' dir='ltr'><strong>inter</strong></span> <span class='ocrx_word' id='word_1_39' title='bbox 770 1318 862 1384; x_wconf 92' lang='lat' dir='ltr'><strong>quos</strong></span> <span class='ocrx_word' id='word_1_40' title='bbox 877 1299 1068 1366; x_wconf 81' lang='lat' dir='ltr'><strong>Vitruvius</strong></span> <span class='ocrx_word' id='word_1_41' title='bbox 1083 1298 1127 1386; x_wconf 85' lang='grc'><strong>(4)</strong></span> <span class='ocrx_word' id='word_1_42' title='bbox 1147 1300 1240 1367; x_wconf 89' lang='lat' dir='ltr'><strong>Vel-</strong></span> 
     </span>
     <span class='ocr_line' id='line_1_8' title="bbox 205 1411 455 1499; baseline 0.008 -22"><span class='ocrx_word' id='word_1_43' title='bbox 205 1411 375 1498; x_wconf 86' lang='lat' dir='ltr'><strong>lejusque</strong></span> <span class='ocrx_word' id='word_1_44' title='bbox 396 1411 455 1499; x_wconf 84' lang='grc'>(5).</span> 
     </span>
    </p>
   </div>
   <div class='ocr_carea' id='block_1_4' title="bbox 206 1610 1239 1926">
    <p class='ocr_par' dir='ltr' id='par_1_4' title="bbox 206 1610 1239 1926">
     <span class='ocr_line' id='line_1_9' title="bbox 206 1610 1239 1700; baseline 0 -22"><span class='ocrx_word' id='word_1_45' title='bbox 206 1615 209 1620; x_wconf 87' lang='grc'><strong>’</strong></span> <span class='ocrx_word' id='word_1_46' title='bbox 250 1610 282 1698; x_wconf 81' lang='grc' dir='ltr'><strong>γ)</strong></span> <span class='ocrx_word' id='word_1_47' title='bbox 306 1613 467 1680; x_wconf 83' lang='lat' dir='ltr'><strong>Verbum</strong></span> <span class='ocrx_word' id='word_1_48' title='bbox 491 1614 786 1696; x_wconf 77' lang='lat' dir='ltr'><strong>«persuaderi»,</strong></span> <span class='ocrx_word' id='word_1_49' title='bbox 806 1616 900 1700; x_wconf 90' lang='lat' dir='ltr'><strong>quod</strong></span> <span class='ocrx_word' id='word_1_50' title='bbox 917 1633 983 1700; x_wconf 88' lang='lat' dir='ltr'><strong>pro</strong></span> <span class='ocrx_word' id='word_1_51' title='bbox 999 1613 1239 1700; x_wconf 82' lang='lat' dir='ltr'><strong>impersonali</strong></span> 
     </span>
     <span class='ocr_line' id='line_1_10' title="bbox 206 1725 1238 1810; baseline 0.003 -20"><span class='ocrx_word' id='word_1_52' title='bbox 206 1726 320 1792; x_wconf 85' lang='lat' dir='ltr'><strong>verbo</strong></span> <span class='ocrx_word' id='word_1_53' title='bbox 347 1744 368 1791; x_wconf 89' lang='lat' dir='ltr'><strong>a</strong></span> <span class='ocrx_word' id='word_1_54' title='bbox 393 1725 499 1792; x_wconf 89' lang='lat' dir='ltr'><strong>bonis</strong></span> <span class='ocrx_word' id='word_1_55' title='bbox 524 1725 765 1810; x_wconf 74' lang='lat' dir='ltr'><strong>scriptoribus</strong></span> <span class='ocrx_word' id='word_1_56' title='bbox 790 1728 954 1795; x_wconf 90' lang='lat' dir='ltr'><strong>habitum</strong></span> <span class='ocrx_word' id='word_1_57' title='bbox 980 1747 1060 1796; x_wconf 88' lang='lat' dir='ltr'><strong>esso</strong></span> <span class='ocrx_word' id='word_1_58' title='bbox 1089 1726 1238 1808; x_wconf 88' lang='lat' dir='ltr'><strong>scimus,</strong></span> 
     </span>
     <span class='ocr_line' id='line_1_11' title="bbox 206 1840 880 1926; baseline 0.006 -20"><span class='ocrx_word' id='word_1_59' title='bbox 206 1859 274 1926; x_wconf 86' lang='lat' dir='ltr'><strong>pro</strong></span> <span class='ocrx_word' id='word_1_60' title='bbox 290 1840 476 1925; x_wconf 86' lang='lat' dir='ltr'><strong>personali</strong></span> <span class='ocrx_word' id='word_1_61' title='bbox 491 1843 669 1909; x_wconf 86' lang='lat' dir='ltr'><strong>Phaedrus</strong></span> <span class='ocrx_word' id='word_1_62' title='bbox 686 1842 855 1910; x_wconf 80' lang='lat' dir='ltr'><strong>adhibuit</strong></span> <span class='ocrx_word' id='word_1_63' title='bbox 872 1861 880 1910; x_wconf 73' lang='grc' dir='ltr'>ε</span> 
     </span>
    </p>
   </div>
   <div class='ocr_carea' id='block_1_5' title="bbox 313 1988 1096 2158">
    <p class='ocr_par' dir='ltr' id='par_1_5' title="bbox 313 1988 1096 2158">
     <span class='ocr_line' id='line_1_12' title="bbox 313 1988 1096 2062; baseline 0.005 -20"><span class='ocrx_word' id='word_1_64' title='bbox 313 1991 335 2044; x_wconf 93' lang='lat' dir='ltr'><strong>l.</strong></span> <span class='ocrx_word' id='word_1_65' title='bbox 355 1988 382 2059; x_wconf 85' lang='lat'><strong>8,</strong></span> <span class='ocrx_word' id='word_1_66' title='bbox 400 1989 415 2043; x_wconf 84' lang='lat'><strong>7</strong></span> <span class='ocrx_word' id='word_1_67' title='bbox 434 1992 567 2046; x_wconf 82' lang='lat' dir='ltr'>Tandem</span> <span class='ocrx_word' id='word_1_68' title='bbox 578 2009 725 2062; x_wconf 81' lang='lat' dir='ltr'><strong>persuasu</strong></span> <span class='ocrx_word' id='word_1_69' title='bbox 740 1996 783 2046; x_wconf 87' lang='lat' dir='ltr'><strong>cst</strong></span> <span class='ocrx_word' id='word_1_70' title='bbox 795 1994 988 2061; x_wconf 76' lang='lat' dir='ltr'><strong>jurejurando</strong></span> <span class='ocrx_word' id='word_1_71' title='bbox 1003 1995 1096 2061; x_wconf 81' lang='lat' dir='ltr'><strong>gruis.</strong></span> 
     </span>
     <span class='ocr_line' id='line_1_13' title="bbox 313 2087 1072 2158; baseline 0.008 -18"><span class='ocrx_word' id='word_1_72' title='bbox 313 2087 340 2141; x_wconf 85' lang='lat'><strong>3.</strong></span> <span class='ocrx_word' id='word_1_73' title='bbox 360 2089 386 2158; x_wconf 86' lang='lat'><strong>5,</strong></span> <span class='ocrx_word' id='word_1_74' title='bbox 402 2088 420 2142; x_wconf 92' lang='lat'>8</span> <span class='ocrx_word' id='word_1_75' title='bbox 439 2089 601 2144; x_wconf 78' lang='lat' dir='ltr'><strong>Persuasus</strong></span> <span class='ocrx_word' id='word_1_76' title='bbox 616 2091 664 2145; x_wconf 86' lang='lat' dir='ltr'><strong>ille</strong></span> <span class='ocrx_word' id='word_1_77' title='bbox 679 2092 749 2145; x_wconf 86' lang='lat' dir='ltr'><strong>fecit</strong></span> <span class='ocrx_word' id='word_1_78' title='bbox 764 2093 845 2158; x_wconf 91' lang='lat' dir='ltr'><strong>quod</strong></span> <span class='ocrx_word' id='word_1_79' title='bbox 861 2093 993 2146; x_wconf 89' lang='lat' dir='ltr'><strong>monitus</strong></span> <span class='ocrx_word' id='word_1_80' title='bbox 1008 2092 1072 2146; x_wconf 89' lang='lat' dir='ltr'><strong>fuit.</strong></span> 
     </span>
    </p>
   </div>
   <div class='ocr_carea' id='block_1_6' title="bbox 203 2237 1240 2554">
    <p class='ocr_par' dir='ltr' id='par_1_6' title="bbox 203 2237 1240 2554">
     <span class='ocr_line' id='line_1_14' title="bbox 203 2237 1239 2324; baseline 0.003 -23"><span class='ocrx_word' id='word_1_81' title='bbox 203 2239 321 2313; x_wconf 86' lang='lat' dir='ltr'><strong>Quam</strong></span> <span class='ocrx_word' id='word_1_82' title='bbox 342 2237 446 2303; x_wconf 90' lang='lat' dir='ltr'><strong>multi</strong></span> <span class='ocrx_word' id='word_1_83' title='bbox 468 2243 589 2305; x_wconf 89' lang='lat' dir='ltr'><strong>autem</strong></span> <span class='ocrx_word' id='word_1_84' title='bbox 609 2244 644 2305; x_wconf 88' lang='lat' dir='ltr'><strong>et</strong></span> <span class='ocrx_word' id='word_1_85' title='bbox 667 2238 809 2324; x_wconf 84' lang='lat' dir='ltr'><strong>priores</strong></span> <span class='ocrx_word' id='word_1_86' title='bbox 832 2245 868 2304; x_wconf 91' lang='lat' dir='ltr'><strong>et</strong></span> <span class='ocrx_word' id='word_1_87' title='bbox 888 2239 1050 2324; x_wconf 84' lang='lat' dir='ltr'><strong>aequales</strong></span> <span class='ocrx_word' id='word_1_88' title='bbox 1069 2237 1239 2305; x_wconf 83' lang='lat' dir='ltr'><strong>vitiosam</strong></span> 
     </span>
     <span class='ocr_line' id='line_1_15' title="bbox 204 2351 1239 2438; baseline 0.002 -22"><span class='ocrx_word' id='word_1_89' title='bbox 204 2351 309 2418; x_wconf 90' lang='lat' dir='ltr'><strong>illam</strong></span> <span class='ocrx_word' id='word_1_90' title='bbox 326 2352 553 2420; x_wconf 86' lang='lat' dir='ltr'><strong>admiserunt</strong></span> <span class='ocrx_word' id='word_1_91' title='bbox 565 2353 789 2420; x_wconf 90' lang='lat' dir='ltr'><strong>locutionem</strong></span> <span class='ocrx_word' id='word_1_92' title='bbox 805 2355 812 2420; x_wconf 87' lang='lat' dir='ltr'><strong>l</strong></span> <span class='ocrx_word' id='word_1_93' title='bbox 831 2357 919 2430; x_wconf 86' lang='lat' dir='ltr'><strong>Quae</strong></span> <span class='ocrx_word' id='word_1_94' title='bbox 935 2373 1008 2420; x_wconf 91' lang='lat' dir='ltr'><strong>non</strong></span> <span class='ocrx_word' id='word_1_95' title='bbox 1022 2355 1129 2420; x_wconf 89' lang='lat' dir='ltr'><strong>modo</strong></span> <span class='ocrx_word' id='word_1_96' title='bbox 1143 2354 1239 2438; x_wconf 89' lang='lat' dir='ltr'><strong>apud</strong></span> 
     </span>
     <span class='ocr_line' id='line_1_16' title="bbox 204 2465 1240 2554; baseline 0 -24"><span class='ocrx_word' id='word_1_97' title='bbox 204 2465 437 2548; x_wconf 80' lang='lat' dir='ltr'><strong>Propertium</strong></span> <span class='ocrx_word' id='word_1_98' title='bbox 460 2465 505 2554; x_wconf 80' lang='grc'><strong>(6)</strong></span> <span class='ocrx_word' id='word_1_99' title='bbox 534 2471 569 2532; x_wconf 90' lang='lat' dir='ltr'><strong>et</strong></span> <span class='ocrx_word' id='word_1_100' title='bbox 592 2467 782 2534; x_wconf 85' lang='lat' dir='ltr'><strong>Valerium</strong></span> <span class='ocrx_word' id='word_1_101' title='bbox 809 2466 1006 2533; x_wconf 81' lang='lat' dir='ltr'><strong>Maximum</strong></span> <span class='ocrx_word' id='word_1_102' title='bbox 1028 2466 1087 2554; x_wconf 86' lang='lat'><strong>(7),</strong></span> <span class='ocrx_word' id='word_1_103' title='bbox 1112 2485 1240 2531; x_wconf 88' lang='lat' dir='ltr'><strong>verum</strong></span> 
     </span>
    </p>
   </div>
   <div class='ocr_carea' id='block_1_7' title="bbox 205 2576 1240 2876">
    <p class='ocr_par' dir='ltr' id='par_1_7' title="bbox 205 2576 1240 2876">
     <span class='ocr_line' id='line_1_17' title="bbox 205 2576 1238 2669; baseline 0.005 -26"><span class='ocrx_word' id='word_1_104' title='bbox 205 2576 317 2645; x_wconf 89' lang='lat' dir='ltr'><strong>etiam</strong></span> <span class='ocrx_word' id='word_1_105' title='bbox 334 2581 429 2665; x_wconf 90' lang='lat' dir='ltr'><strong>apud</strong></span> <span class='ocrx_word' id='word_1_106' title='bbox 445 2580 680 2648; x_wconf 84' lang='lat' dir='ltr'><strong>Cornificium</strong></span> <span class='ocrx_word' id='word_1_107' title='bbox 704 2582 762 2667; x_wconf 88' lang='lat' dir='ltr'><strong>(ad</strong></span> <span class='ocrx_word' id='word_1_108' title='bbox 786 2584 872 2647; x_wconf 89' lang='lat' dir='ltr'><strong>Her.</strong></span> <span class='ocrx_word' id='word_1_109' title='bbox 890 2581 1001 2668; x_wconf 89' lang='lat' dir='ltr'><strong>auct.)</strong></span> <span class='ocrx_word' id='word_1_110' title='bbox 1016 2581 1062 2669; x_wconf 87' lang='lat'><strong>(8)</strong></span> <span class='ocrx_word' id='word_1_111' title='bbox 1085 2580 1238 2648; x_wconf 88' lang='lat' dir='ltr'><strong>Cicero-</strong></span> 
     </span>
     <span class='ocr_line' id='line_1_18' title="bbox 205 2694 1240 2783; baseline 0.005 -25"><span class='ocrx_word' id='word_1_112' title='bbox 205 2713 364 2779; x_wconf 84' lang='lat' dir='ltr'><strong>nemque</strong></span> <span class='ocrx_word' id='word_1_113' title='bbox 381 2694 438 2783; x_wconf 87' lang='lat'><strong>(9),</strong></span> <span class='ocrx_word' id='word_1_114' title='bbox 467 2697 628 2763; x_wconf 83' lang='lat' dir='ltr'><strong>certain</strong></span> <span class='ocrx_word' id='word_1_115' title='bbox 654 2696 899 2765; x_wconf 85' lang='lat' dir='ltr'><strong>familiaribus</strong></span> <span class='ocrx_word' id='word_1_116' title='bbox 926 2697 1106 2783; x_wconf 85' lang='lat' dir='ltr'><strong>epistolis,</strong></span> <span class='ocrx_word' id='word_1_117' title='bbox 1134 2696 1240 2763; x_wconf 87' lang='lat' dir='ltr'><strong>inve-</strong></span> 
     </span>
     <span class='ocr_line' id='line_1_19' title="bbox 205 2806 333 2876; baseline 0.023 -4"><span class='ocrx_word' id='word_1_118' title='bbox 205 2806 308 2876; x_wconf 89' lang='lat' dir='ltr'><strong>nitur</strong></span> <span class='ocrx_word' id='word_1_119' title='bbox 326 2812 333 2875; x_wconf 86' lang='lat'>1</span> 
     </span>
    </p>
   </div>
   <div class='ocr_carea' id='block_1_8' title="bbox 253 3013 1240 3101">
    <p class='ocr_par' dir='ltr' id='par_1_8' title="bbox 253 3013 1240 3101">
     <span class='ocr_line' id='line_1_20' title="bbox 253 3013 1240 3101; baseline 0.005 -23"><span class='ocrx_word' id='word_1_120' title='bbox 253 3014 365 3079; x_wconf 90' lang='lat' dir='ltr'><strong>Multo</strong></span> <span class='ocrx_word' id='word_1_121' title='bbox 386 3014 504 3097; x_wconf 81' lang='lat' dir='ltr'><strong>magis</strong></span> <span class='ocrx_word' id='word_1_122' title='bbox 527 3013 658 3081; x_wconf 88' lang='lat' dir='ltr'><strong>vitiosa</strong></span> <span class='ocrx_word' id='word_1_123' title='bbox 677 3015 840 3100; x_wconf 82' lang='lat' dir='ltr'><strong>aequales</strong></span> <span class='ocrx_word' id='word_1_124' title='bbox 863 3015 1019 3082; x_wconf 87' lang='lat' dir='ltr'><strong>Phaedro</strong></span> <span class='ocrx_word' id='word_1_125' title='bbox 1043 3015 1240 3101; x_wconf 88' lang='lat' dir='ltr'><strong>scriptores</strong></span> 
     </span>
    </p>
   </div>
   <div class='ocr_carea' id='block_1_9' title="bbox 201 3273 1241 3766">
    <p class='ocr_par' dir='ltr' id='par_1_9' title="bbox 201 3273 1241 3569">
     <span class='ocr_line' id='line_1_21' title="bbox 243 3273 1238 3343; baseline 0.003 -16"><span class='ocrx_word' id='word_1_126' title='bbox 243 3274 282 3342; x_wconf 91' lang='lat' dir='ltr'><strong>(l)</strong></span> <span class='ocrx_word' id='word_1_127' title='bbox 302 3276 345 3329; x_wconf 91' lang='lat' dir='ltr'><strong>De</strong></span> <span class='ocrx_word' id='word_1_128' title='bbox 360 3276 403 3331; x_wconf 87' lang='lat' dir='ltr'><strong>Re</strong></span> <span class='ocrx_word' id='word_1_129' title='bbox 417 3280 495 3329; x_wconf 87' lang='lat' dir='ltr'><strong>rust.</strong></span> <span class='ocrx_word' id='word_1_130' title='bbox 515 3273 540 3343; x_wconf 84' lang='lat'><strong>3,</strong></span> <span class='ocrx_word' id='word_1_131' title='bbox 556 3273 573 3326; x_wconf 76' lang='lat' dir='ltr'><strong>b</strong></span> <span class='ocrx_word' id='word_1_132' title='bbox 588 3289 644 3328; x_wconf 91' lang='lat' dir='ltr'><strong>ova</strong></span> <span class='ocrx_word' id='word_1_133' title='bbox 659 3288 728 3342; x_wconf 88' lang='lat' dir='ltr'><strong>quae</strong></span> <span class='ocrx_word' id='word_1_134' title='bbox 743 3274 924 3328; x_wconf 85' lang='lat' dir='ltr'><strong>incubantur</strong></span> <span class='ocrx_word' id='word_1_135' title='bbox 938 3275 1109 3329; x_wconf 87' lang='lat' dir='ltr'><strong>habeantne</strong></span> <span class='ocrx_word' id='word_1_136' title='bbox 1132 3290 1238 3330; x_wconf 86' lang='lat' dir='ltr'><strong>semen</strong></span> 
     </span>
     <span class='ocr_line' id='line_1_22' title="bbox 201 3358 1239 3431; baseline 0.001 -16"><span class='ocrx_word' id='word_1_137' title='bbox 201 3362 279 3431; x_wconf 88' lang='lat' dir='ltr'><strong>pulli</strong></span> <span class='ocrx_word' id='word_1_138' title='bbox 306 3367 427 3415; x_wconf 91' lang='lat' dir='ltr'><strong>curator</strong></span> <span class='ocrx_word' id='word_1_139' title='bbox 454 3361 613 3429; x_wconf 82' lang='lat' dir='ltr'><strong>quatriduo</strong></span> <span class='ocrx_word' id='word_1_140' title='bbox 633 3366 795 3429; x_wconf 88' lang='lat' dir='ltr'><strong>postquam</strong></span> <span class='ocrx_word' id='word_1_141' title='bbox 814 3358 954 3413; x_wconf 78' lang='lat' dir='ltr'><strong>incubari</strong></span> <span class='ocrx_word' id='word_1_142' title='bbox 970 3359 1057 3429; x_wconf 81' lang='lat' dir='ltr'><strong>eoepit</strong></span> <span class='ocrx_word' id='word_1_143' title='bbox 1072 3361 1239 3429; x_wconf 85' lang='lat' dir='ltr'><strong>intelligere</strong></span> 
     </span>
     <span class='ocr_line' id='line_1_23' title="bbox 201 3442 1241 3516; baseline -0.002 -17"><span class='ocrx_word' id='word_1_144' title='bbox 201 3449 309 3513; x_wconf 90' lang='lat' dir='ltr'><strong>potest</strong></span> <span class='ocrx_word' id='word_1_145' title='bbox 325 3445 415 3514; x_wconf 87' lang='lat' dir='ltr'><strong>[haud</strong></span> <span class='ocrx_word' id='word_1_146' title='bbox 431 3446 493 3501; x_wconf 88' lang='lat' dir='ltr'><strong>scio</strong></span> <span class='ocrx_word' id='word_1_147' title='bbox 509 3460 546 3499; x_wconf 91' lang='lat' dir='ltr'><strong>an</strong></span> <span class='ocrx_word' id='word_1_148' title='bbox 562 3446 723 3511; x_wconf 79' lang='lat' dir='ltr'><strong>legendum</strong></span> <span class='ocrx_word' id='word_1_149' title='bbox 739 3445 778 3498; x_wconf 89' lang='lat' dir='ltr'><strong>sit</strong></span> <span class='ocrx_word' id='word_1_150' title='bbox 795 3460 801 3497; x_wconf 93' lang='lat'><strong>:</strong></span> <span class='ocrx_word' id='word_1_151' title='bbox 819 3448 982 3512; x_wconf 85' lang='lat' dir='ltr'><strong>postquam</strong></span> <span class='ocrx_word' id='word_1_152' title='bbox 997 3442 1139 3500; x_wconf 77' lang='lat' dir='ltr'><strong>incubare</strong></span> <span class='ocrx_word' id='word_1_153' title='bbox 1154 3445 1241 3516; x_wconf 81' lang='lat' dir='ltr'><strong>coeptt</strong></span> 
     </span>
     <span class='ocr_line' id='line_1_24' title="bbox 218 3530 285 3569; baseline 0 -29"><span class='ocrx_word' id='word_1_154' title='bbox 218 3544 237 3569; x_wconf 48' lang='grc' dir='ltr'><em>α</em></span> <span class='ocrx_word' id='word_1_155' title='bbox 281 3530 285 3540; x_wconf 92' lang='grc'>.</span> 
     </span>
    </p>

    <p class='ocr_par' dir='ltr' id='par_1_10' title="bbox 202 3530 1241 3766">
     <span class='ocr_line' id='line_1_25' title="bbox 203 3530 1241 3681; baseline 0.002 -16"><span class='ocrx_word' id='word_1_156' title='bbox 203 3530 398 3681; x_wconf 53' lang='grc' dir='ltr'><strong>(ῢῗὲ)ῃ)ἃ(1)ι]1)ῑα</strong></span> <span class='ocrx_word' id='word_1_157' title='bbox 422 3614 541 3681; x_wconf 82' lang='lat' dir='ltr'><strong>excepit</strong></span> <span class='ocrx_word' id='word_1_158' title='bbox 565 3614 705 3681; x_wconf 78' lang='lat' dir='ltr'><strong>exenrpla</strong></span> <span class='ocrx_word' id='word_1_159' title='bbox 726 3614 762 3667; x_wconf 89' lang='lat' dir='ltr'><strong>O.</strong></span> <span class='ocrx_word' id='word_1_160' title='bbox 790 3613 961 3667; x_wconf 85' lang='lat' dir='ltr'><strong>Riemann:</strong></span> <span class='ocrx_word' id='word_1_161' title='bbox 989 3630 1002 3662; x_wconf 87' lang='lat'>«</span> <span class='ocrx_word' id='word_1_162' title='bbox 1023 3612 1117 3666; x_wconf 88' lang='lat' dir='ltr'><strong>Etude</strong></span> <span class='ocrx_word' id='word_1_163' title='bbox 1138 3627 1191 3667; x_wconf 90' lang='lat' dir='ltr'><strong>sur</strong></span> <span class='ocrx_word' id='word_1_164' title='bbox 1212 3614 1241 3667; x_wconf 88' lang='lat' dir='ltr'><strong>la</strong></span> 
     </span>
     <span class='ocr_line' id='line_1_26' title="bbox 202 3696 902 3766; baseline -0.004 -14"><span class='ocrx_word' id='word_1_165' title='bbox 202 3700 289 3763; x_wconf 73' lang='lat' dir='ltr'><strong>lang.</strong></span> <span class='ocrx_word' id='word_1_166' title='bbox 311 3703 341 3752; x_wconf 91' lang='lat' dir='ltr'><strong>et</strong></span> <span class='ocrx_word' id='word_1_167' title='bbox 355 3700 383 3751; x_wconf 91' lang='lat' dir='ltr'><strong>la</strong></span> <span class='ocrx_word' id='word_1_168' title='bbox 398 3712 495 3765; x_wconf 80' lang='lat' dir='ltr'><strong>gram.</strong></span> <span class='ocrx_word' id='word_1_169' title='bbox 515 3699 554 3751; x_wconf 88' lang='lat' dir='ltr'><strong>de</strong></span> <span class='ocrx_word' id='word_1_170' title='bbox 568 3699 602 3751; x_wconf 89' lang='grc' dir='ltr'><strong>Τ.</strong></span> <span class='ocrx_word' id='word_1_171' title='bbox 622 3698 702 3766; x_wconf 87' lang='lat' dir='ltr'><strong>Live,</strong></span> <span class='ocrx_word' id='word_1_172' title='bbox 719 3713 752 3766; x_wconf 89' lang='lat' dir='ltr'><strong>p.</strong></span> <span class='ocrx_word' id='word_1_173' title='bbox 771 3696 834 3764; x_wconf 82' lang='lat' dir='ltr'><strong>tol,</strong></span> <span class='ocrx_word' id='word_1_174' title='bbox 852 3711 902 3764; x_wconf 89' lang='lat' dir='ltr'><strong>sq.</strong></span> 
     </span>
    </p>
   </div>
   <div class='ocr_carea' id='block_1_10' title="bbox 239 4033 1237 4353">
    <p class='ocr_par' dir='ltr' id='par_1_11' title="bbox 239 4033 1237 4353">
     <span class='ocr_line' id='line_1_27' title="bbox 371 4033 960 4103; baseline -0.002 -16"><span class='ocrx_word' id='word_1_175' title='bbox 371 4075 378 4102; x_wconf 86' lang='lat'>,</span> <span class='ocrx_word' id='word_1_176' title='bbox 394 4033 448 4087; x_wconf 75' lang='lat' dir='ltr'><strong>llo</strong></span> <span class='ocrx_word' id='word_1_177' title='bbox 463 4050 614 4103; x_wconf 76' lang='lat' dir='ltr'><strong>persuasae</strong></span> <span class='ocrx_word' id='word_1_178' title='bbox 630 4034 733 4089; x_wconf 86' lang='lat' dir='ltr'><strong>fallere</strong></span> <span class='ocrx_word' id='word_1_179' title='bbox 748 4035 824 4089; x_wconf 87' lang='lat' dir='ltr'><strong>rima</strong></span> <span class='ocrx_word' id='word_1_180' title='bbox 838 4038 885 4088; x_wconf 86' lang='lat' dir='ltr'><strong>sat</strong></span> <span class='ocrx_word' id='word_1_181' title='bbox 899 4037 960 4087; x_wconf 89' lang='lat' dir='ltr'><strong>est.</strong></span> 
     </span>
     <span class='ocr_line' id='line_1_28' title="bbox 302 4117 941 4186; baseline -0.005 -16"><span class='ocrx_word' id='word_1_182' title='bbox 302 4117 332 4170; x_wconf 88' lang='lat'><strong>3.</strong></span> <span class='ocrx_word' id='word_1_183' title='bbox 352 4117 378 4184; x_wconf 88' lang='grc'><strong>8,</strong></span> <span class='ocrx_word' id='word_1_184' title='bbox 395 4117 407 4169; x_wconf 84' lang='grc'>1</span> <span class='ocrx_word' id='word_1_185' title='bbox 428 4117 561 4185; x_wconf 86' lang='lat' dir='ltr'><strong>Capuam</strong></span> <span class='ocrx_word' id='word_1_186' title='bbox 576 4117 738 4185; x_wconf 89' lang='lat' dir='ltr'><strong>-pacisci</strong></span> <span class='ocrx_word' id='word_1_187' title='bbox 751 4132 941 4186; x_wconf 82' lang='lat' dir='ltr'><strong>persuasum.</strong></span> 
     </span>
     <span class='ocr_line' id='line_1_29' title="bbox 239 4197 1237 4267; baseline 0.004 -17"><span class='ocrx_word' id='word_1_188' title='bbox 239 4252 242 4257; x_wconf 77' lang='grc'>,</span> <span class='ocrx_word' id='word_1_189' title='bbox 300 4197 330 4253; x_wconf 84' lang='grc'><strong>1.</strong></span> <span class='ocrx_word' id='word_1_190' title='bbox 349 4198 367 4251; x_wconf 89' lang='grc'><strong>6</strong></span> <span class='ocrx_word' id='word_1_191' title='bbox 386 4214 455 4256; x_wconf 92' lang='lat' dir='ltr'><strong>cum</strong></span> <span class='ocrx_word' id='word_1_192' title='bbox 470 4200 587 4253; x_wconf 88' lang='lat' dir='ltr'><strong>animus</strong></span> <span class='ocrx_word' id='word_1_193' title='bbox 602 4199 747 4253; x_wconf 86' lang='lat' dir='ltr'><strong>auditoris</strong></span> <span class='ocrx_word' id='word_1_194' title='bbox 758 4214 919 4267; x_wconf 82' lang='lat' dir='ltr'><strong>persuasus</strong></span> <span class='ocrx_word' id='word_1_195' title='bbox 929 4198 1130 4254; x_wconf 85' lang='lat' dir='ltr'><strong>videturesse</strong></span> <span class='ocrx_word' id='word_1_196' title='bbox 1141 4200 1237 4254; x_wconf 87' lang='lat' dir='ltr'><strong>abiis.</strong></span> 
     </span>
     <span class='ocr_line' id='line_1_30' title="bbox 303 4281 1217 4353; baseline -0.002 -14"><span class='ocrx_word' id='word_1_197' title='bbox 303 4282 422 4339; x_wconf 81' lang='lat' dir='ltr'><strong>Caecina</strong></span> <span class='ocrx_word' id='word_1_198' title='bbox 435 4297 486 4351; x_wconf 88' lang='lat' dir='ltr'><strong>ap.</strong></span> <span class='ocrx_word' id='word_1_199' title='bbox 507 4282 568 4338; x_wconf 81' lang='lat' dir='ltr'><strong>Cic.</strong></span> <span class='ocrx_word' id='word_1_200' title='bbox 587 4284 672 4338; x_wconf 86' lang='lat' dir='ltr'><strong>Fam.</strong></span> <span class='ocrx_word' id='word_1_201' title='bbox 691 4282 717 4337; x_wconf 88' lang='lat' dir='ltr'><strong>o.</strong></span> <span class='ocrx_word' id='word_1_202' title='bbox 735 4281 761 4352; x_wconf 86' lang='lat'><strong>7,</strong></span> <span class='ocrx_word' id='word_1_203' title='bbox 777 4283 795 4335; x_wconf 72' lang='lat' dir='ltr'><strong>‘l</strong></span> <span class='ocrx_word' id='word_1_204' title='bbox 810 4283 836 4336; x_wconf 90' lang='lat' dir='ltr'><strong>si</strong></span> <span class='ocrx_word' id='word_1_205' title='bbox 851 4283 909 4337; x_wconf 92' lang='lat' dir='ltr'><strong>scit</strong></span> <span class='ocrx_word' id='word_1_206' title='bbox 923 4287 954 4337; x_wconf 89' lang='lat' dir='ltr'><strong>et</strong></span> <span class='ocrx_word' id='word_1_207' title='bbox 968 4297 1130 4353; x_wconf 81' lang='lat' dir='ltr'><strong>persuasus</strong></span> <span class='ocrx_word' id='word_1_208' title='bbox 1145 4287 1217 4351; x_wconf 59' lang='lat' dir='ltr'><strong>est„</strong></span> 
     </span>
    </p>
   </div>
   <div class='ocr_carea' id='block_1_11' title="bbox 0 0 1575 5100">
    <p class='ocr_par' dir='ltr' id='par_1_12' title="bbox 0 0 1575 5100">
     <span class='ocr_line' id='line_1_31' title="bbox 0 0 1575 5100; baseline 0 0"><span class='ocrx_word' id='word_1_209' title='bbox 0 0 1575 5100; x_wconf 95' lang='lat' dir='ltr'><strong> </strong></span> 
     </span>
    </p>
   </div>
  </div>
 </body>
</html>
