3134 5100
613 575 772 640 ..19-

181 745 399 815 omittendos
412 761 493 811 esse
509 747 628 829 prosae
644 739 823 809 orationis
842 739 1052 826 scriptores,
1075 739 1207 807 Velle-

176 862 255 946 jum
272 858 518 939 Paterculum,
541 853 733 923 Valerium
754 853 964 937 Maximum,
985 851 1207 937 Vitruvium,

180 970 389 1039 Cornelium
409 970 567 1053 Celsum,
585 967 803 1052 existimavi,
821 966 906 1052 quia
923 972 958 1033 et
973 965 1098 1034 multis
1117 985 1208 1052 par-

181 1084 279 1152 tibus
292 1085 411 1151 soluto
427 1081 588 1150 sermoni
603 1080 747 1168 poetica
762 1080 880 1148 oratio
896 1078 1086 1147 simillima
1096 1079 1145 1146 sit
1159 1084 1208 1163 et,

182 1195 347 1283 quamvis
363 1214 406 1263 ea
421 1195 563 1279 lingua,
580 1193 639 1261 cui
652 1212 824 1278 magnam
844 1192 1032 1260 licentiam
1050 1191 1210 1260 sciamus

181 1307 357 1395 permitti,
374 1327 462 1376 usus
478 1308 601 1392 fuerit,
625 1326 744 1394 prosae
768 1307 946 1376 orationis
971 1305 1210 1393 scriptoribus

183 1421 310 1508 purior
322 1420 457 1509 saepius
473 1423 650 1490 Phaedrus
666 1421 858 1491 exstiterit.

228 1643 292 1712 Cui
314 1646 358 1712 de
380 1645 527 1713 Phaedri
550 1664 718 1714 sermone
741 1644 1041 1714 commentationi
1063 1664 1211 1732 parvam

183 1760 229 1826 de
245 1759 403 1828 Fabellis
417 1760 530 1829 Novis
546 1759 843 1848 disputationem,
863 1759 1076 1846 appendicis
1096 1779 1211 1843 more,

183 1871 391 1957 subjiciam,
420 1892 501 1959 quae
530 1893 612 1941 cum
648 1893 691 1941 eo
729 1875 825 1960 quod
854 1873 1110 1959 proposuimus
1138 1891 1213 1940 non

182 1985 334 2054 omnino
350 1985 498 2073 quidem
512 1989 687 2071 cohaeret,
702 1989 765 2055 sed
779 1987 831 2055 ita
846 1987 1035 2055 nonnullis
1048 1986 1213 2073 partibus

183 2101 1212 2189 conjungitur,utoperimeonondubitaverimadjicere:

184 2236 330 2303 nempe,
354 2237 436 2285 cum
465 2220 626 2286 nondum
650 2219 689 2285 in
715 2221 783 2286 hoc
809 2238 934 2286 omnes
959 2217 1216 2286 consenserint

183 2330 342 2398 Phaedro
364 2348 411 2397 an
434 2329 499 2398 alii
523 2330 693 2417 scriptori
711 2330 788 2399 illae
807 2330 960 2414 triginta
979 2330 1115 2398 fabulae
1133 2349 1215 2416 quae

184 2463 305 2529 nuper
329 2443 368 2512 in
392 2443 580 2513 Perottino
609 2444 734 2513 codice
764 2451 921 2532 repertae
949 2450 1046 2528 sunt,
1069 2444 1215 2512 adscri-

185 2562 318 2630 bendae
343 2561 429 2646 sint,
456 2561 638 2649 equidem,
665 2581 752 2630 num
774 2565 902 2630 eadem
924 2563 972 2631 sit
993 2564 1032 2632 in
1055 2562 1217 2649 antiquis

187 2679 297 2761 atque
320 2675 360 2742 in
383 2676 486 2744 novis
511 2675 657 2744 sabellis
678 2676 795 2744 oratio
819 2677 1073 2763 considerabo,
1097 2697 1216 2764 neque

186 2788 309 2857 minus
325 2788 483 2857 feliciter
497 2789 563 2858 illo
578 2808 686 2875 quam
699 2790 830 2858 aliovis
846 2797 1062 2875 argumento
1076 2811 1159 2878 quae
1172 2792 1217 2857 de

187 2900 294 2970 novis
323 2902 457 2971 fabulis
486 2903 722 2987 ambiguntur
748 2904 984 2972 absoluturus
1012 2923 1092 2972 esse
1127 2902 1219 2972 mihi

186 3014 329 3084 videor.
