3134 5100
847 533 1005 595 -pg..

409 710 455 759 ne
484 710 597 760 unum
626 692 774 780 quidem
807 713 1119 781 supervacaneum
1146 697 1298 765 verbum
1326 697 1434 782 possit

409 807 519 876 eximi
536 806 605 895 (l);
629 843 673 860 -
696 813 744 893 et,
767 829 850 877 cum
877 813 1006 878 eadem
1028 831 1088 880 res
1115 812 1252 898 saepius
1274 812 1433 880 iteranda

410 931 477 1010 est,
499 925 604 994 novis
633 945 778 1013 semper
802 929 991 998 vocabulis
1015 929 1229 998 enuntiatur
1244 929 1290 1018 (2)
1303 950 1313 1015 ;
1338 967 1382 982 -
1402 935 1435 996 et

408 1039 460 1107 ila
475 1041 703 1108 collocantur
723 1041 836 1109 verba
853 1046 904 1124 ut,
920 1041 1113 1127 particulis
1134 1043 1378 1129 conjunctivis
1399 1042 1434 1110 in

408 1155 577 1256 intimum
601 1155 779 1223 orationis
800 1174 986 1224 recessum
1008 1156 1171 1239 remotis,
1195 1156 1313 1244 prima
1334 1158 1435 1225 sedes

410 1268 535 1354 magni
570 1268 744 1356 ponderis
773 1269 984 1340 nominihus
1019 1273 1233 1360 plerumque
1270 1291 1436 1340 reserve-

410 1390 470 1452 tur
484 1384 543 1472 (3).

910 1617 944 1683 Il

453 1897 477 1946 r.
499 1915 543 1930 -
567 1881 613 1947 Ut
633 1877 671 1945 in
690 1878 878 1947 veteribus
894 1877 1029 1947 sabulis
1044 1879 1095 1945 ita
1111 1878 1149 1945 in
1166 1878 1269 1946 novis
1290 1879 1439 1964 paucis-

410 1991 502 2059 sima
519 1997 603 2058 sunt
617 1992 796 2060 vocabula
812 2011 894 2078 quae
910 2010 984 2058 non
999 1993 1093 2078 apud
1110 1997 1229 2058 certos
1245 1990 1442 2077 scriptores

410 2103 591 2189 invenias,
616 2103 740 2191 qualia
764 2126 783 2168 «
807 2105 1041 2171 exstillesco»
1067 2105 1163 2190 quod
1186 2103 1335 2190 quidem
1352 2105 1442 2191 apud
1537 2124 1538 2127 ¹

680 2299 709 2304 -
999 2299 1006 2304 .
1044 2299 1154 2304 -..-—-.
1166 2298 1436 2305 —-..—-..-..—--

446 2403 486 2470 (1)
510 2403 548 2458 Ut
571 2403 600 2456 in
623 2402 909 2457 veteribuslabulis
934 2403 1029 2457 multa
1051 2403 1198 2470 adjectiva
1217 2406 1268 2457 aut
1287 2403 1443 2471 participia

410 2489 602 2543 inveniuntur
626 2503 695 2557 quae
716 2502 775 2542 non
798 2488 978 2542 substantivi
1001 2488 1121 2557 quidem
1143 2502 1304 2557 personam
1327 2493 1441 2556 gerant,
1538 2480 1539 2509 ³

410 2574 466 2628 sed
495 2574 605 2642 quibus
635 2572 854 2627 substantivum
885 2577 937 2625 aut
959 2586 1125 2640 pronomen
1149 2573 1233 2640 prius
1257 2574 1443 2626 enuntiatum

410 2657 525 2711 debeas
548 2648 713 2725 adiungere
737 2658 787 2724 (cl.
811 2672 840 2725 p.
857 2655 883 2710 7.
906 2659 967 2711 nol.
989 2657 1028 2725 9),
1055 2657 1100 2711 sic
1124 2662 1155 2711 et
1176 2657 1206 2710 in
1228 2656 1338 2711 fabulis
1362 2657 1444 2711 novis

411 2744 518 2798 eadem
533 2740 679 2797 observes
697 2758 703 2797 ε

445 2827 490 2897 lt,
507 2826 557 2880 t-‘l
577 2828 672 2882 Unam
688 2827 872 2895 expetebant
886 2828 1033 2895 virginem
1046 2827 1174 2893 iuvenes
1189 2828 1248 2881 duo
1262 2843 1268 2880 ε
1284 2827 1447 2881 1110111000-

406 2913 470 2982 0103
495 2928 592 2981 genus
618 2918 648 2967 et
673 2913 799 2967 formam
824 2912 968 2983 puerperis
994 2913 1143 2980 (juvenis).
1171 2913 1214 2966 lb.
1239 2911 1350 2966 duilla
1378 2911 1447 2965 ditis

409 2999 550 3064 (juvenis)
571 2999 740 3067 splendida.
762 2997 806 3065 16,
823 2999 841 3049 ‘l
857 2999 943 3052 Hune
958 2996 1119 3065 ptoriosum
1140 2997 1273 3065 (gallum)
1288 2999 1399 3065 vulpes
1417 3002 1447 3049 ut

409 3084 483 3138 vidit
498 3083 580 3139 vehi.
592 3122 616 3137 ..

368 3216 374 3233 ,
411 3168 568 3222 Brevitatis
584 3168 660 3222 adeo
677 3166 834 3221 studiosus
850 3171 897 3220 est
910 3167 1056 3221 Phaedrus
1071 3172 1104 3221 ut
1119 3168 1221 3235 verba,
1239 3181 1306 3235 quae
1322 3180 1445 3231 nomen,

410 3254 490 3321 quod
502 3254 546 3307 eis
557 3252 746 3321 adjungatur,
759 3252 944 3320 desiderant,
955 3253 1068 3321 saepius
1080 3254 1144 3307 sola
1155 3252 1286 3321 proferat
1298 3251 1354 3320 (Cf.
1366 3266 1396 3320 p.
1408 3251 1444 3318 7).

411 3338 500 3405 Curjus
517 3338 637 3405 generis
653 3338 768 3392 suntin
783 3337 891 3391 subulis
907 3338 992 3391 novis
1009 3353 1015 3391 :

445 3420 491 3489 lli,
507 3421 542 3475 ut
561 3422 676 3476 Deinde
692 3422 813 3475 domino
830 3422 968 3474 nuntiant
982 3420 1056 3490 [id.].
1075 3421 1120 3490 15,
1136 3421 1154 3474 8
1168 3422 1262 3476 Immo
1278 3421 1307 3474 ni
1322 3422 1446 3476 dederis

412 3508 452 3577 [id
467 3528 499 3554 =
519 3511 598 3579 quod
614 3511 644 3564 in
660 3512 772 3565 cultum
789 3509 961 3579 impendis],
980 3510 1098 3579 sponda
1119 3511 1252 3565 cessabit
1271 3515 1332 3564 tua.
1351 3513 1397 3581 18,
1414 3510 1448 3564 l‘l

411 3594 504 3649 Ullius
540 3610 643 3650 essem
678 3597 775 3664 culpae
800 3595 871 3649 mihi
901 3596 927 3649 si
957 3597 1113 3666 conscius,
1147 3611 1235 3665 aequo
1264 3597 1366 3652 auimo
1397 3596 1446 3667 [id]

411 3680 531 3735 ferrem.

446 3764 486 3832 (1)
506 3766 648 3833 Exemplo
675 3764 762 3819 sint:
788 3764 946 3833 defendere
970 3764 1074 3835 armis,
1099 3767 1182 3834 ferro
1202 3766 1317 3843 pellere
1339 3766 1368 3834 6,
1393 3765 1445 3833 10;

411 3852 562 3917 correptus
585 3846 705 3900 animus
727 3846 797 3900 ilico
819 3849 1010 3902 succenditur
1029 3849 1070 3902 Et
1093 3848 1197 3901 uritur
1220 3848 1328 3902 sensim
1353 3848 1449 3920 1111110-
1538 3891 1540 3902 .

413 3932 501 3985 tentis
517 3932 674 4002 cupiditas.

447 4016 486 4083 (3)
505 4016 550 4070 11.
571 4016 820 4071 2100101111010111
840 4031 907 4069 cum
925 4018 1052 4071 vidisset
1071 4019 1170 4088 Phryx
1185 4020 1309 4089 sophus
1327 4050 1363 4058 —
1384 4020 1412 4090 3,
1432 4018 1449 4071 o

411 4102 571 4156 Barbatum
587 4106 622 4154 01
637 4103 737 4157 videat
752 4107 866 4156 natum.
884 4131 919 4143 -
939 4103 983 4170 ltt,
1001 4102 1019 4155 8
1038 4104 1150 4159 Horum
1165 4107 1306 4174 reliquias
1325 4107 1448 4174 nequis

410 4190 517 4253 posset
533 4186 646 4239 tollore.
664 4216 697 4223 —
713 4184 758 4252 lt,
773 4186 791 4237 t
805 4187 918 4241 llinons
935 4187 1068 4241 dolorem
1084 4187 1361 4256 0010110110010101
1378 4205 1448 4257 per-

411 4270 482 4338 peti,
500 4275 570 4339 010,
588 4275 668 4323 etc„
