3134 5100
588 603 746 667 ..71-

198 765 420 835 Insolentius
453 765 600 853 quidem
631 785 715 835 oum
743 766 802 836 his
830 767 972 835 duobus
995 766 1184 835 vocabulis

156 901 305 967 «causa,
321 883 507 950 delector»
524 881 729 951 infinitivus
745 884 873 951 modus
889 881 1137 950 construitur:

223 1049 254 1104 3.
273 1050 338 1120 Pr„
354 1049 371 1104 6
385 1051 451 1106 Non
467 1065 556 1103 causo
571 1054 619 1105 est
633 1050 772 1106 manibus
788 1050 818 1105 id
835 1047 920 1120 teupi
934 1049 1004 1105 tuis.

224 1145 253 1200 5.
273 1145 300 1216 3,
315 1144 333 1200 9
348 1145 420 1211 Quae
436 1144 596 1200 delectaris
611 1144 707 1200 bibere
723 1147 887 1202 humanum
904 1147 1095 1215 sanguinem.

153 1305 239 1371 Ideo
267 1323 355 1371 vero
382 1303 614 1390 aliquatenus
643 1307 873 1373 excusandus
901 1311 958 1373 est
985 1305 1182 1389 Phaedrus,

153 1419 249 1505 quod
266 1423 302 1486 et
317 1417 405 1486 alibi
421 1437 460 1486 se
477 1417 555 1505 ipse
570 1417 724 1504 corrigit
738 1417 900 1505 dicitque

227 1596 303 1665 «En,
316 1595 366 1665 ait,
382 1596 440 1650 hoo
455 1609 548 1649 uuum
564 1600 612 1650 est
626 1610 680 1648 cur
697 1594 829 1648 laborem
842 1596 970 1651 validius
983 1614 996 1646 »
1008 1594 1035 1650 3.
1046 1595 1091 1666 ll,
1102 1595 1130 1666 4,

153 1759 201 1840 et,
224 1774 333 1842 quam
355 1754 395 1822 in
417 1756 573 1823 Pheedro
593 1755 911 1842 reprehendimus,
928 1752 1073 1822 dicendi
1091 1752 1185 1822 ratio

152 1869 260 1956 apud
278 1867 420 1955 priores
456 1868 691 1955 aequalesque
720 1867 908 1936 invenitur
924 1885 941 1965 1;
981 1888 1113 1955 nempe
1146 1873 1187 1936 ut

152 1979 421 2050 substantivum
436 1998 569 2048 nomen
587 1999 749 2048 «cousus
765 1981 949 2067 Virgilius
964 2001 1007 2049 ac
1021 1980 1186 2049 Tibullus

260 2158 327 2212 AEn.
347 2156 392 2227 46,
408 2157 444 2213 90
459 2158 531 2223 Quae
547 2173 636 2211 causo
651 2157 705 2212 luit
720 2173 897 2227 cousurpere
911 2158 941 2211 in
956 2173 1040 2213 arma

260 2255 326 2310 Tib.
345 2254 376 2309 3.
394 2252 422 2325 4,
437 2253 621 2311 4930416466
636 2254 750 2310 huic-
760 2270 850 2309 causo
861 2253 1044 2325 permeruit,

150 2411 204 2480 ita
232 2413 385 2481 verbum
414 2411 655 2479 «delector»
686 2410 860 2479 Horatius
889 2430 971 2479 cum
1005 2408 1188 2477 infinitivo

151 2525 261 2594 modo
277 2522 481 2593 construxit

261 2687 316 2756 Ep.
336 2687 361 2741 l.
381 2686 427 2756 46,
443 2684 478 2740 34
492 2685 543 2740 Vir
558 2685 656 2740 honus
667 2688 697 2740 et
709 2684 845 2755 prudens
861 2681 923 2737 dici
938 2683 1086 2737 delector.

151 2892 593 2901 .....—-—-..-.-—-....—.-......-

150 2990 237 3056 virg.
256 2987 324 3041 AEn.
342 2985 369 3057 6,
386 2985 435 3041 561
459 2986 530 3051 Quis
546 2990 608 3039 tem
628 2984 767 3038 crudeles
792 2981 906 3053 optauit
926 2996 1042 3035 sumere
1057 2980 1190 3049 poeuas‘l

149 3101 186 3114 ·-
202 3072 292 3128 Ovid.
317 3072 358 3125 M.
386 3069 414 3139 4,
439 3068 491 3123 487
516 3068 690 3136 aliquis...
719 3070 803 3137 optut
827 3067 872 3121 sio
894 3064 963 3129 sieri
986 3064 1097 3133 turpis.
1124 3062 1189 3132 316,

149 3160 314 3225 visumque
328 3154 442 3225 optauit
457 3154 577 3208 habere.
598 3154 642 3209 cl.
661 3153 688 3221 5,
706 3152 772 3207 559.
793 3151 838 3222 46,
854 3150 920 3207 364.

189 3243 338 3309 Querere.
355 3272 389 3280 -
404 3242 493 3295 Lucr.
521 3239 549 3309 4,
566 3238 641 3293 4696
661 3236 757 3291 bibere
782 3238 812 3291 in
838 3237 954 3291 somnis
978 3236 1084 3290 sitiens
1099 3249 1191 3303 quom

150 3326 272 3397 querit.
282 3324 350 3379 llll
365 3322 538 3392 coutlupere
549 3324 699 3393 queeruul.
715 3351 746 3360 -
758 3322 842 3388 Virg.
860 3321 928 3374 AEn.
947 3319 975 3388 4,
990 3318 1041 3373 634
1059 3332 1192 3388 quereus

150 3444 187 3454 -
204 3411 384 3479 abrumpere
399 3410 511 3463 lucem.
530 3407 557 3477 6,
574 3406 628 3463 644
644 3422 681 3462 ne
697 3422 795 3476 quere
811 3403 925 3459 doceri.
945 3404 971 3473 7,
988 3402 1041 3457 449
1060 3418 1192 3473 quereu-

152 3500 214 3550 tem
231 3494 330 3548 dicere
345 3494 444 3561 plura.
463 3521 497 3531 -
513 3492 586 3545 Hor.
607 3491 659 3545 od.
679 3491 705 3544 Ι.
723 3488 768 3557 46,
783 3488 819 3542 46
834 3490 953 3541 mutare
968 3502 1065 3557 queero
1076 3486 1186 3540 tristia.

149 3583 196 3652 37,
225 3580 261 3635 44
281 3578 384 3649 perire
409 3592 555 3648 quercus.
575 3606 609 3615 -
625 3576 712 3631 ovid.
742 3575 782 3628 M.
812 3573 857 3642 41,
883 3573 937 3627 ’455
960 3574 986 3627 si
1013 3572 1190 3625 descendere

150 3663 277 3737 quoeris.
305 3664 395 3717 Trist.
424 3662 454 3715 5.
482 3661 510 3731 4,
536 3660 551 3713 7
576 3659 705 3713 tristitlae
729 3670 854 3711 causam
879 3657 905 3710 si
930 3656 998 3724 quis
1018 3669 1189 3723 copuoscere

150 3748 276 3821 quierit.
297 3749 340 3804 Gi.
361 3750 434 3802 Her.
454 3746 498 3815 44,
514 3744 579 3799 475.
599 3746 668 3798 Am.
688 3744 710 3797 I.
727 3742 754 3812 8,
771 3742 820 3796 51.

187 3835 338 3891 Suadere.
358 3863 393 3873 -
408 3833 469 3888 Cic.
490 3832 529 3886 de
544 3844 590 3885 or.
609 3830 635 3883 Ι.
655 3827 699 3898 59,
715 3827 764 3881 451
783 3841 874 3882 nemo
898 3824 1027 3879 suaserit
1044 3825 1190 3880 studiosis

150 3922 276 3979 dicendi
300 3918 543 3975 adolescentibus
568 3946 601 3956 -
626 3914 806 3969 histrionum
840 3925 924 3966 more
948 3911 1117 3965 elaborare.
1156 3938 1190 3951 -

149 4011 239 4076 virg.
259 4008 296 4062 G.
315 4006 342 4074 4,
358 4003 411 4058 464
426 4003 575 4059 Galbanos
594 3999 720 4053 suadebo
735 3996 895 4051 tueeudere
911 3997 1031 4050 odoros,
1049 4023 1081 4035 -
1097 3994 1186 4050 Ovid.

149 4096 192 4150 M.
214 4093 261 4162 40,
277 4091 331 4145 683
345 4090 403 4145 iter
416 4091 539 4155 longum
563 4084 746 4155 requiescere
765 4080 873 4136 suasit.
899 4080 944 4150 45,
960 4080 1015 4135 656
1028 4093 1088 4134 non
1105 4076 1191 4131 eurit-

152 4183 216 4231 tere
234 4190 324 4244 opem
338 4188 396 4229 nec
410 4172 533 4226 numina
548 4171 668 4224 tradere
684 4167 826 4221 sucdeut.

189 4260 248 4329 [De
262 4258 362 4314 verbis
378 4257 515 4311 similiter
528 4268 597 4309 cum
612 4252 755 4307 infinitivo
771 4248 953 4305 constructis
968 4247 1038 4301 vide
1054 4244 1188 4312 Draegeri

150 4344 331 4400 historicam
346 4340 502 4411 Syntaxin.
522 4339 561 4393 ΙΙ.
580 4352 613 4415 p.
631 4336 694 4405 300,
712 4334 776 4404 sq.]
