3134 5100
580 525 739 591 ..85-

154 688 217 746 Sine
228 693 382 760 apparatu,
394 689 482 746 nullis
492 690 689 760 adjutoribus.
698 688 726 759 8,
735 688 784 744 ln
798 688 893 745 Cursu
902 687 1025 758 volucri,
1036 686 1175 757 pendens

121 849 123 854 ,
153 787 180 842 in
194 789 344 857 novacula,
361 787 477 856 Calvus,
493 800 617 842 comosa
630 786 737 856 fronte,
754 784 835 840 nudo
848 783 996 854 occipitio.

184 880 210 938 2.
228 883 255 953 4,
275 882 324 938 l-3
341 883 447 952 Aquila
470 883 501 937 in
525 883 645 938 sublimi
668 897 783 952 quercu
806 880 910 938 nidum
932 881 1063 951 iecerat3
1089 881 1175 960 Feles

153 993 305 1035 cavernam
333 984 422 1034 nacta
446 979 476 1033 in
498 977 599 1034 media
622 983 803 1049 pepererat,
831 979 888 1034 Sus
912 978 1045 1034 nemoris
1069 977 1178 1032 cultrix

153 1075 240 1130 letum
260 1076 298 1131 ad
318 1075 408 1131 imam
429 1078 583 1144 posuerat.
604 1105 639 1114 -
657 1074 684 1130 3.
705 1075 752 1145 Pr,
772 1073 860 1129 10-14
880 1074 1028 1144 negasne,
1061 1087 1176 1143 quaeso,

152 1172 247 1239 potius
266 1172 342 1228 viles
364 1172 481 1241 neniae,
504 1172 666 1241 Impendas
688 1186 792 1228 curam
812 1186 904 1242 quam
926 1171 969 1227 rei
990 1170 1176 1241 domesticae,

152 1266 268 1322 Reddas
284 1267 388 1322 amicis
403 1273 550 1337 tempora,
567 1267 651 1323 uxori
666 1281 767 1337 vaces,
784 1266 925 1322 Animum
938 1267 1067 1336 relaxes,
1085 1266 1178 1321 otium

152 1363 204 1419 des
218 1365 345 1434 corpori.
362 1364 404 1420 cf.
420 1363 447 1434 7,
463 1363 605 1436 21-2234.
622 1361 667 1434 t8,
682 1361 760 1418 lO-‘ll
777 1380 784 1434 3
801 1362 846 1434 22,
862 1361 945 1418 lli-17
955 1379 967 1430 ;
981 1362 1027 1433 24,
1042 1362 1100 1419 4-5.

192 1535 322 1606 Evenit
350 1533 497 1623 quidem
526 1553 791 1624 nonnunquam
820 1541 860 1604 ut
887 1537 1065 1605 Phaedrus
1096 1554 1179 1604 cum

151 1648 281 1718 ceteris
295 1647 468 1718 membris
482 1648 678 1718 vocibusve
694 1648 858 1716 ultimam
874 1667 999 1717 vocem
1013 1655 1076 1718 aut
1091 1647 1181 1716 ulti-

152 1781 246 1830 mum
262 1763 465 1832 membrum
480 1781 546 1849 per
566 1784 585 1828 «
601 1766 670 1830 et»
691 1761 989 1848 conjunctionem
1006 1763 1153 1851 copulet
1169 1781 1177 1831 :

181 1958 207 2013 l.
232 1959 261 2028 5,
291 1957 378 2014 aaut
409 1958 549 2014 Lanificae
577 1959 700 2028 agellos,
730 1927 856 2028 pecora,
879 1959 988 2028 villam,
1014 1959 1178 2028 operarios

149 2054 257 2126 Boves,
289 2056 426 2124 iumenta
455 2059 484 2109 ct
512 2056 744 2111 instrumentum
772 2057 928 2112 rusticum.
957 2055 1045 2111 95-26
1072 2057 1180 2112 Potrici

148 2152 265 2219 plenam
287 2153 418 2222 antiquis
440 2153 619 2223 apothecam
641 2153 736 2223 cadis
759 2154 887 2210 Domum
909 2154 1032 2223 politam
1055 2158 1084 2207 et
1105 2155 1180 2210 deli-

148 2251 229 2304 catos
246 2248 390 2303 hortulos.
407 2247 449 2302 ol.
464 2246 519 2318 363
536 2247 562 2302 3.
579 2246 606 2318 9,
623 2246 715 2303 inte.

149 2425 214 2493 Sed
241 2428 299 2494 vel
327 2426 422 2513 apud
450 2425 605 2514 optimos
634 2426 832 2514 scriptores
857 2426 954 2495 idem
976 2425 1177 2495 invenias:

148 2537 233 2624 quid
263 2538 431 2609 miruml
461 2558 592 2628 nempe
620 2539 660 2608 in
689 2538 869 2626 ejusmodi
897 2541 1091 2609 verborum
1117 2545 1181 2608 aut

147 2653 392 2720 membrorum
411 2651 749 2721 continuationibus
764 2653 836 2721 duo
856 2654 1000 2721 demum
1017 2654 1179 2721 membra

146 2782 339 2853 vocesque,
370 2771 410 2834 ut
440 2766 724 2853 prudentissime
754 2768 906 2852 Draeger
933 2767 1102 2835 observat
1117 2766 1177 2854 (1),

146 2873 244 2946 inter
265 2897 304 2946 se
324 2879 572 2965 copulantur:
600 2877 666 2963 sic,
693 2884 731 2947 ut
752 2861 919 2966 exemplo
942 2884 1036 2964 utar,
1060 2879 1178 2947 solum

146 2991 216 3058 duo
232 2992 396 3061 membra
412 2992 451 3060 in
466 2993 548 3077 hoc,
566 2992 629 3079 qui
645 3012 755 3081 supra
773 3000 995 3062 memoratus
1012 2999 1079 3079 est,
1097 2994 1178 3062 loco

146 3105 310 3192 reperio:
348 3108 384 3175 1⁰
412 3108 578 3192 agellos,
610 3126 762 3194 pecora,
792 3108 939 3192 villam,
968 3107 1177 3194 operarios,

145 3215 269 3303 boves,
295 3219 487 3304 Jumenta3
504 3218 541 3288 2⁰
556 3218 840 3288 instrumentum
861 3220 1049 3289 rusticum.

189 3335 267 3400 Imo
282 3332 343 3401 hic
356 3352 485 3402 versus

215 3523 244 3580 l.
260 3523 287 3595 5,
303 3521 338 3579 38
356 3525 452 3594 Agros
466 3525 622 3597 villamque
638 3528 667 3580 et
681 3540 793 3596 pecora
807 3540 875 3583 cum
890 3526 1063 3596 pastoribus

145 3697 217 3765 duo
247 3699 392 3767 demum
421 3702 584 3770 membra
610 3700 787 3787 continet,
817 3722 899 3770 curn
924 3722 1030 3788 apros
1053 3704 1178 3771 villam

145 3829 211 3897 per
232 3835 252 3878 n
267 3832 337 3899 que
353 3835 387 3899 r,
404 3833 535 3899 pecora
543 3816 747 3900 pastoribus
761 3835 828 3917 per
842 3838 862 3883 a
877 3836 959 3885 cum
974 3839 993 3882 »
1010 3816 1178 3886 arctissi-

144 3926 215 3995 mis
229 3927 388 3998 vinculis
404 3931 626 3999 cohaereant.

181 4257 222 4326 (t)
242 4257 316 4313 Hist.
334 4256 415 4328 Synt.
431 4255 445 4330 ξ
459 4256 520 4314 367.
