3134 5100
823 554 982 616 „54-

387 727 463 790 tum
492 722 637 790 demum
666 739 748 788 cum
777 721 919 788 duobus
948 716 1168 786 accusativis
1202 715 1239 783 id
1266 714 1409 782 verbum

387 834 564 921 conjungi
576 837 727 919 Draeger
738 831 921 920 praecipit,
931 851 1013 899 cum
1023 851 1082 900 res
1092 830 1275 917 postulata
1286 833 1410 895 neutro

386 945 602 1033 pronomine
619 950 682 1015 aut
696 939 917 1015 vocabulo«
933 943 1154 1012 sententiam
1169 965 1188 1008 a
1205 941 1411 1010 enuntietur

387 1061 422 1147 (ᾖ
437 1062 515 1145 168,
533 1062 599 1149 1.).

429 1274 459 1362 β)
475 1277 555 1342 Non
572 1274 693 1343 minus
705 1274 815 1343 ctiam
828 1274 866 1343 in
878 1277 947 1343 hoc
958 1276 1155 1343 Phaedrum
1168 1274 1411 1361 reprehendas
1502 1348 1505 1361 ,

386 1390 481 1475 quod
496 1391 648 1458 verbum
663 1411 682 1454 u
696 1391 788 1457 uesci
802 1409 914 1457 »cum
925 1389 1133 1458 accusativo
1144 1388 1191 1475 (1)
1207 1392 1409 1456 construat:

389 1503 483 1589 quod
507 1508 545 1568 ut
568 1504 761 1570 admodum
784 1522 908 1570 rarum
929 1506 1004 1586 est,
1029 1502 1080 1570 ita
1100 1502 1195 1588 apud
1217 1500 1411 1568 nonnullos

386 1621 509 1683 tamen
532 1615 709 1703 reperias
744 1615 843 1684 iuter
863 1634 954 1702 quos
977 1615 1137 1684 Atticum
1166 1614 1274 1703 (apud
1300 1610 1414 1682 Noni-

384 1728 457 1816 um)
478 1727 538 1816 (2),
554 1729 736 1796 Tibullum
757 1728 817 1817 (3),
832 1727 993 1797 Plinium
1008 1726 1052 1815 (4)
1068 1725 1391 1795 nominaverimus.

426 1945 458 2034 γ)
482 1943 645 2032 Denique
667 1945 885 2042 abonorum
908 1944 1129 2032 scriptorum
1151 1943 1412 2013 consuetudine

384 2063 561 2130 Phaedrus
583 2061 756 2145 deflectit,
781 2081 865 2128 cum
887 2060 1121 2128 intransitiva
1141 2061 1267 2143 verba,
1284 2059 1413 2144 quibus

383 2173 595 2260 praepositio
611 2173 777 2260 apposita
795 2179 863 2257 est,
881 2172 932 2240 ita
950 2192 1015 2260 pro
1032 2171 1234 2240 transitivis
1248 2171 1362 2255 ducit,
1378 2176 1415 2236 ut

339 2338 342 2345 -
383 2289 437 2357 eis
453 2289 700 2358 accusativum
715 2310 790 2357 non
804 2289 947 2357 dubitet
961 2291 1164 2375 adjungere
1183 2307 1192 2358 ε

416 2464 481 2534 41,
493 2465 507 2518 1
521 2465 576 2530 Qui
586 2472 675 2521 natus
687 2471 734 2520 cst
745 2467 846 2521 infelix
857 2466 1022 2521 nonullam
1031 2467 1121 2520 modo
1131 2467 1260 2521 Tristem
1272 2463 1412 2543 decurrit.

416 2563 442 2617 3.
455 2564 507 2632 Ep.
519 2562 555 2617 28
568 2562 696 2617 Eccedc‘t
711 2565 839 2634 animuS,
856 2580 947 2632 quem
961 2565 1129 2634 proposuit,
1148 2548 1325 2617 terminum.

416 2660 443 2716 4,
455 2660 482 2731 6,
498 2661 516 2715 4
530 2662 618 2729 AEgre
633 2662 747 2731 recepti
762 2667 863 2717 tamen
879 2664 1035 2715 evaseruut
1049 2676 1164 2715 necem.

384 2823 452 2890 Sed
477 2821 626 2889 illorum
650 2822 759 2891 trium
781 2824 977 2891 verborum
999 2842 1045 2890 ne
1069 2842 1182 2891 unum
1198 2822 1346 2908 quidem
1363 2828 1416 2888 est

385 2936 473 3023 quin
490 2936 541 3005 ita
557 2936 761 3015 adhibitum
776 2957 849 3005 non
866 2940 973 3005 modo
989 2939 1084 3024 apud
1101 2938 1277 3023 aequales,
1291 2956 1415 3004 verum

386 3050 495 3118 etiam
525 3052 622 3145 apud
649 3050 791 3137 priores
820 3051 1042 3119 inveniatur
1068 3050 1126 3120 Sic
1153 3053 1413 3119 «decurrere»

386 3166 481 3251 apud
518 3165 745 3247 Lucretium,
779 3165 1002 3251 Virgilium,
1033 3166 1223 3251 Ovidium,
1259 3170 1417 3253 Proper-

386 3277 477 3344 tium
493 3276 559 3366 (4);
579 3279 815 3345 recredere»
833 3279 928 3364 apud
951 3277 1105 3364 Livium,
1125 3277 1306 3363 Ovidium,
1323 3277 1415 3345 Vel-

928 3498 1032 3503 --.--
1041 3498 1308 3502 ...η-,Μ
1328 3494 1414 3502 ,ῤ-

421 3612 460 3678 (1)
487 3610 518 3664 1.
540 3610 585 3681 31,
606 3612 623 3665 2
642 3612 735 3680 coepit
755 3612 839 3667 vesci
861 3610 996 3680 stapulas
1018 3611 1144 3679 (ranas).
1171 3639 1206 3651 -
1228 3611 1315 3680 Alibi,
1341 3610 1417 3664 sicut

386 3692 455 3747 boni
479 3694 653 3763 scriptores
677 3709 746 3749 cnm
768 3694 896 3749 ablativo
918 3694 1060 3749 «vesci»
1083 3694 1262 3763 conjungit:
1285 3692 1316 3747 2.
1336 3692 1363 3761 c,
1384 3691 1418 3744 13

385 3783 526 3832 vescatur
540 3778 615 3833 cibo.

421 3862 460 3931 (2)
487 3863 514 3931 4,
545 3862 599 3917 478
629 3865 769 3918 eamdem
782 3870 925 3919 vescatur
935 3866 1055 3933 clapeur.
1071 3896 1104 3914 —.
1120 3863 1159 3932 (3)
1174 3863 1206 3918 2.·
1224 3864 1250 3932 5,
1266 3862 1303 3917 64
1319 3864 1417 3914 lauros

385 3950 480 4003 vesci.
500 3980 533 3988 —
551 3950 590 4017 (4)
604 3948 635 4002 8.
655 3948 699 4019 50,
715 3949 751 4003 7ss
766 3949 926 4018 caprimum
937 3951 1026 4019 jecur
1040 3951 1135 4005 vesci.
1146 3988 1171 4003 ..

420 4034 459 4102 (4)
485 4034 574 4089 Lucr.
598 4033 716 4102 3,1055
739 4034 898 4087 decurrere
919 4036 1020 4088 lumcu
1039 4036 1121 4089 vitae.
1144 4036 1172 4104 4,
1191 4033 1263 4088 ltu-2
1285 4032 1416 4103 spatium

385 4117 556 4170 decurrere.
582 4148 615 4157 -
637 4118 720 4184 Virg.
742 4119 777 4172 G.
798 4118 825 4186 9,
846 4118 881 4171 39
902 4119 1056 4188 inceptum
1075 4119 1200 4171 decurre
1219 4118 1362 4171 laborem.
1383 4145 1416 4153 —

330 4250 336 4261 ,
385 4202 472 4255 Ovid.
495 4202 585 4255 Trisl.
612 4200 642 4255 3.
665 4202 692 4270 4,
718 4202 753 4255 33
776 4201 910 4271 spatium
935 4202 1094 4255 decurrere
1119 4204 1201 4256 vilre.
1230 4203 1321 4269 Prop.
1345 4200 1377 4253 3.
1400 4196 1416 4250 7

385 4284 452 4354 [15],
469 4285 501 4340 ld
519 4290 666 4355 cuperent
681 4286 841 4338 decurrere
856 4285 963 4340 vitam.
