3134 5100
647 575 686 584 -
706 541 747 602 25
768 574 807 584 -

210 692 405 779 significet.
429 696 510 763 Non
533 694 643 779 enim,
668 700 706 762 ut
731 694 878 782 quidem
903 714 972 780 ego
994 695 1126 780 sentio,
1148 693 1244 763 siout

209 809 385 876 Phaedrus
400 807 452 876 ita
467 809 591 877 Caesar
606 808 778 877 Cicerone
795 808 947 876 dixisset
965 825 972 875 :

316 973 329 1010 1
349 957 379 1012 Si
392 972 464 1013 vero
479 958 610 1014 accessit
624 955 800 1012 consiliator
815 959 971 1013 maleficus
988 976 1013 1028 1,

851 1053 879 1109 2.
895 1055 923 1124 6,
939 1055 958 1108 2

204 1173 418 1261 sedpotius,
432 1175 527 1261 quod
540 1174 658 1259 magis
673 1175 780 1243 bonae
795 1175 971 1242 latinitati
986 1175 1213 1243 consentiret
1228 1192 1236 1242 :

85 1301 91 1312 “
205 1311 225 1355 ‹<
250 1289 288 1357 Si
303 1289 483 1376 quievero
500 1289 715 1386 acceditqai
729 1288 892 1374 maligne
911 1291 1118 1356 coasilictar
1137 1312 1170 1357 s.

249 1493 376 1576 Itaque
400 1489 453 1557 sio
475 1491 676 1576 prudenter
700 1510 742 1558 ac
761 1493 968 1558 verecunde
993 1490 1115 1558 in-tor
1135 1491 1240 1560 desi-

203 1603 331 1672 nentia
354 1603 504 1672 nomina
529 1604 707 1672 Phaedrus
730 1604 889 1673 admittit
907 1611 958 1690 ut,
975 1624 1047 1672 uno
1072 1612 1236 1693 excepto,

203 1717 306 1784 nullo
336 1736 423 1785 usus
453 1717 500 1785 sit
527 1718 615 1804 quin
637 1720 714 1803 Jam
738 1738 758 1785 a
782 1717 968 1804 prioribus
993 1717 1238 1804 scriptoribus

203 1830 316 1898 fuerit
331 1815 543 1899 admissum.
559 1833 688 1899 Cetera
703 1831 988 1916 diligentissime
1004 1832 1116 1899 evitat
1129 1838 1237 1920 atque

202 1947 325 2034 potius
343 1947 479 2030 verbis
498 1966 517 2014 e
545 1946 676 2033 quibus
699 1967 741 2014 ea
764 1947 915 2014 nomina
938 1946 1117 2015 inclinata
1137 1954 1234 2033 sunt,

202 2061 331 2145 utitur,
355 2063 489 2129 nedum
511 2081 605 2129 nova
628 2067 664 2130 et
685 2062 852 2130 inaudita
866 2063 1044 2132 vocabula
1067 2063 1234 2150 recipiat.

202 2176 262 2245 Sic
278 2194 364 2261 non,
378 2181 416 2242 ut
427 2174 622 2260 Virgilius,
639 2175 737 2243 dicet
753 2194 761 2244 :

311 2353 324 2384 a
344 2334 539 2389 Praenestinae
553 2333 699 2402 saadator
719 2333 814 2388 deluit
828 2333 921 2387 urbis.
940 2351 953 2382 »

840 2431 904 2486 AEn.
919 2431 945 2487 7.
960 2429 1024 2502 678,

200 2518 265 2585 sed
284 2533 292 2585 :

417 2640 430 2671 1
449 2621 560 2675 Parvus
576 2619 633 2674 sibi
646 2619 803 2688 fundasset
816 2622 911 2677 aedes.
933 2640 946 2671 »
966 2704 984 2759 9
1009 2703 1027 2756 2

923 2705 950 2761 3.
987 2746 994 2774 ‚
1030 2746 1037 2758 .

199 2824 293 2905 Quid
308 2844 506 2892 memorem
517 2826 672 2891 latrator
683 2824 854 2911 (latrator
862 2825 1003 2893 Anubis
1011 2829 1093 2893 AEn.
1106 2829 1140 2910 8,
1153 2828 1231 2893 698.

199 2940 253 3009 Cf.
271 2939 372 3009 Ovid.
390 2942 476 3007 Met.
493 2941 527 3024 9,
544 2939 636 3027 690),
657 2944 816 3006 vastator
831 2940 1004 3027 (serarum
1019 2944 1234 3007 vastatorem

197 3056 375 3151 Amycum
387 3057 469 3121 AEn.
487 3056 520 3138 9,
536 3054 615 3121 772.
634 3054 686 3120 Gi.
704 3053 807 3121 Ovid.
829 3057 877 3121 M.
899 3053 1042 3141 9‚192),
1062 3059 1235 3139 aepaator

200 3166 296 3256 (AEn.
312 3170 346 3251 4,
362 3166 467 3254 249);
491 3186 645 3253 quorum
663 3166 854 3234 nominum
875 3168 955 3235 loco
975 3168 1056 3235 haec
1076 3167 1232 3253 partici-

198 3282 262 3372 pia
277 3286 414 3351 latrans
428 3285 461 3352 5.
481 3286 535 3367 10,
550 3287 584 3366 7,
600 3286 741 3349 oaslaas
754 3281 900 3369 (cuncta
911 3288 1051 3349 castales
1065 3285 1098 3350 3.
1113 3285 1147 3366 2,
1162 3283 1232 3371 14),

197 3416 355 3480 reponas
370 3395 439 3481 (leo
454 3414 608 3479 reponas
623 3399 656 3478 4,
674 3394 743 3482 13),
758 3395 959 3462 secuudum
976 3395 1132 3463 sincerae
1146 3395 1234 3463 lati-

198 3510 328 3579 nitatis
344 3510 447 3594 leges
464 3510 658 3576 Phaedrum
673 3507 841 3576 videmus
856 3508 1049 3576 admittere
1064 3510 1078 3575 t

247 3627 293 3693 Ut
322 3625 416 3723 apud
445 3622 613 3691 Ovidium
642 3624 722 3691 haec
751 3622 902 3690 nomina
930 3641 1025 3690 nova
1055 3622 1233 3709 reperiam,

199 3738 327 3827 qualia
365 3738 609 3805 dissimolator
642 3736 908 3825 (dissimulator
936 3736 1084 3825 amoris)
1119 3740 1167 3804 M.
1198 3737 1232 3822 5,

198 3859 242 3925 61
260 3855 329 3945 (1),
348 3856 503 3929 latrator
520 3853 656 3943 (rerum
670 3852 838 3941 mirator)
853 3857 901 3921 M.
919 3857 953 3939 4,
969 3856 1031 3921 641
1050 3852 1119 3940 (2);
1135 3855 1236 3937 posi-

237 4098 277 4167 (1)
297 4098 339 4153 Gt.
355 4098 424 4152 Hor.
442 4098 494 4167 Ep.
511 4097 533 4151 l.
550 4096 577 4166 9,
592 4096 610 4151 9
625 4094 833 4151 dissimulata·
848 4097 914 4166 opis
928 4097 1072 4167 propriae.
1149 4167 1151 4170 Ι

237 4184 276 4253 (9)
296 4184 338 4239 cl.
355 4184 441 4251 Prop.
457 4182 484 4237 3.
500 4182 595 4252 4[13],
607 4182 694 4249 911011
706 4197 762 4249 ego
774 4197 842 4237 sum
856 4183 960 4238 formae
974 4186 1090 4236 tantum
1103 4179 1236 4236 mirator

199 4272 339 4327 honestae
354 4270 445 4338 (edid.
461 4270 531 4326 Luc.
558 4270 690 4325 Mueller.
709 4269 801 4338 1874).
