3134 5100
611 524 769 586 ..95-

173 688 263 757 nelli
288 688 348 776 (1),
382 689 497 758 Orelli
528 688 594 776 (2),
626 689 793 756 Dressler
820 687 884 775 (3),
910 687 1056 755 Diibner
1082 685 1142 774 (4),
1167 689 1204 754 L.

174 803 332 870 Mueller
345 802 405 890 (5),
423 822 503 870 eam
521 803 619 869 inter
637 807 778 869 veteres
803 806 911 886 atque
928 819 1040 868 novas
1064 801 1207 869 fabulas

175 915 454 984 similitudinem
466 923 502 984 et
515 917 617 1003 quasi
635 915 893 1000 cognationem
906 915 1204 998 observaverunt,

176 1038 215 1097 ut
235 1031 420 1098 neminem
436 1037 571 1117 praeter
586 1032 781 1098 Phaedrum
796 1029 882 1096 illas
898 1027 1092 1114 scripsisse
1109 1027 1209 1095 exis-

176 1145 399 1213 timaverint.
424 1145 497 1213 Alii
520 1145 678 1231 denique
707 1145 792 1228 viri,
821 1144 919 1211 inter
940 1161 1031 1229 quos
1060 1142 1140 1211 Gail
1161 1143 1207 1230 (6)

177 1265 214 1326 et
239 1260 382 1344 Angelo
413 1259 485 1327 Mai
515 1258 581 1347 (7),
611 1258 659 1324 ita
691 1257 728 1324 in
759 1257 912 1342 ancipiti
942 1275 980 1323 re
1008 1257 1207 1342 prudentes

177 1374 339 1455 suerunt,
358 1380 396 1439 ut.
411 1393 530 1458 neque
545 1374 675 1440 horum
689 1389 808 1456 neque
824 1370 972 1437 illorum
988 1369 1208 1437 sententiam

176 1489 293 1555 secuti
310 1487 396 1571 sint,
415 1489 478 1556 sed
494 1487 615 1574 potius
631 1487 668 1553 in
686 1485 827 1553 neutris
844 1505 883 1552 se
907 1484 1094 1552 tenuerint
1117 1504 1207 1571 par-

176 1602 288 1672 tibus,

222 1856 336 1923 Multa
363 1873 450 1922 sane
476 1861 692 1939 argumenta
715 1873 782 1921 nee
808 1854 904 1920 levia
928 1855 1159 1940 protulerunt
1183 1854 1211 1920 ii

178 1971 241 2057 qui
264 1989 438 2038 novarum
463 1971 682 2039 fabellarum
704 1976 891 2037 auctorem
914 1989 994 2037 esse
1015 1971 1211 2037 Phaedrum

177 2090 409 2173 putaverunt.
435 2084 505 2168 Sic,
530 2104 575 2151 ne
593 2084 715 2151 omnia
737 2103 794 2167 ea,
819 2083 951 2170 quibus
974 2085 1213 2151 confirmatur

178 2217 306 2265 eorum
320 2197 457 2283 opinio,
469 2215 761 2279 commemorem,
775 2217 794 2263 e
811 2196 927 2282 primo
943 2196 1091 2264 Phaedri
1111 2196 1212 2264 fabu-

176 2312 298 2378 larum
315 2311 408 2378 libro
425 2311 591 2397 quaedam
609 2309 789 2380 excidisse
810 2310 985 2396 suspicati
1008 2315 1105 2394 sunt,
1130 2330 1212 2377 cum

177 2425 218 2492 in
235 2445 278 2492 eo
295 2426 389 2494 libro
404 2425 449 2512 (8)
467 2411 616 2493 arbores
632 2425 730 2510 ipsas
747 2425 907 2510 colloqui
921 2426 1099 2492 Phaedrus
1115 2445 1213 2511 prae-

177 2546 339 2621 moneat,
354 2547 472 2626 neque
490 2541 695 2626 quodquam
712 2541 792 2625 ejus
808 2538 862 2606 rei
875 2538 1071 2624 vestigium
1086 2538 1124 2607 in
1138 2544 1213 2607 toto

177 2655 275 2721 libro
304 2654 533 2740 reperiatur3
561 2660 638 2720 tum
661 2655 751 2720 adeo
774 2673 910 2739 paucas
940 2672 1021 2721 esse
1043 2653 1215 2721 dixerunt

179 2767 334 2835 secundi
351 2767 542 2853 quintique
558 2766 755 2833 voluminis
772 2766 941 2851 fabellas,
964 2772 1003 2833 ut
1022 2766 1102 2853 ipsa
1122 2785 1215 2852 pau-

180 2976 220 2983 ...—
400 2974 529 2979 -·-—---—--—
541 2974 558 2978 -
777 2973 905 2977 .-.„-.—
912 2974 984 2977 —----
994 2970 1207 2979 -----——-——‹

217 3076 257 3144 (1)
273 3076 352 3142 Lege
368 3079 431 3129 tres
456 3074 521 3127 illas
544 3073 669 3127 lonnelli
693 3072 934 3141 dissertationes
956 3087 1083 3140 quarum
1100 3072 1216 3127 brevia-

178 3164 259 3217 rium
284 3162 315 3214 L.
342 3159 492 3213 Hervieux
516 3159 545 3211 in
569 3172 660 3225 opere
676 3172 731 3211 suo
747 3158 843 3212 dedit.
865 3159 887 3212 Ι.
904 3173 933 3226 p.
950 3157 1012 3224 174,
1029 3172 1075 3225 sq.

197 3247 257 3315 ¹(2)
277 3245 395 3301 Phaedri
418 3243 545 3311 Augusti
565 3243 676 3297 Liberti
700 3243 809 3297 sabulae
833 3243 973 3312 AEsopioe,
998 3243 1110 3308 Turici,
1133 3242 1213 3311 1831,

177 3333 267 3483 pr&
278 3329 397 3469 ghagdri
412 3413 487 3478 Aug.
512 3410 622 3465 Liberti
647 3410 755 3465 fabulae
780 3411 911 3479 AEsopiao
932 3426 1001 3466 cum
1016 3416 1136 3467 veteres
1152 3418 1215 3467 tum

177 3514 269 3556 novae
289 3503 379 3565 atque
395 3496 553 3549 restitutae.
570 3493 650 3547 1838.

217 3584 258 3651 (l)
278 3582 386 3636 l'ables
415 3582 454 3634 de
476 3580 592 3633 Phddre
612 3582 676 3631 tant
708 3579 872 3632 anciennes
897 3593 956 3646 que
981 3580 1149 3633 nouvelles
1177 3580 1212 3634 F.

176 3665 404 3816 leaitfflon
438 3746 512 3812 nug.
546 3744 609 3798 uo.
640 3743 759 3797 raunae
787 3744 927 3811 insopiae.
970 3745 1093 3813 upsrae.
1127 3744 1211 3800 laea.

176 3830 395 3985 urg-&lgdri
419 3915 478 3969 lob.
504 3915 605 3981 AEsop.
621 3913 687 3967 libri
703 3913 735 3967 V.
752 3914 884 3982 ParisiiS,
910 3914 1056 3969 Lemaire.
1078 3914 1153 3970 Vide
1169 3930 1217 3969 so-

178 4004 317 4060 cundum
331 4003 482 4068 volumen,
499 4014 528 4067 p.
545 3997 610 4051 497.

221 4088 261 4155 (1)
280 4086 399 4142 Phaedri
414 4085 473 4138 fab.
490 4112 525 4123 -
539 4083 657 4138 Nisardi
672 4083 741 4136 coll.
761 4082 841 4135 1843.
859 4098 889 4151 p.
905 4082 972 4137 708.

219 4173 260 4241 (8)
280 4174 302 4227 Ι.
319 4173 367 4239 Pr,
394 4168 443 4223 5-6
468 4168 646 4223 Calumniari
671 4167 696 4221 si
721 4168 789 4235 quis
815 4173 915 4223 autem
938 4170 1067 4224 voluerit
1089 4169 1172 4234 Quod
1189 4174 1218 4225 ct

177 4258 305 4316 arbores
319 4257 495 4325 loquantur.
506 4291 513 4308 .
524 4292 530 4306 .
542 4290 549 4307 .
