3134 5100
807 547 967 609 -04-

406 699 1404 800 'thonconjunctivasquidemparticulascoc,utpu‘c»,

371 827 434 894 sed
457 824 655 894 ablativum
678 843 803 892 casum
826 822 1032 910 pronomini
1051 822 1206 888 «alios»
1224 820 1407 887 Phaedrus

371 937 539 1024 adjungit
555 955 563 1006 ε

475 1091 505 1144 3.
525 1093 589 1160 Ρι·.,
606 1090 637 1144 ll
658 1091 686 1145 Si
702 1096 861 1145 aecusator
876 1089 955 1144 otius
970 1088 1079 1156 Sejano
1095 1090 1186 1157 forct3

369 1242 431 1308 sed
464 1240 529 1307 illa
557 1239 705 1308 dicendi
728 1239 840 1323 ratio,
870 1246 1005 1307 utnon
1036 1239 1193 1307 sincerae
1206 1238 1385 1306 latinitati

368 1374 520 1440 prorsus
536 1359 784 1422 consentanea
807 1361 875 1438 est,
902 1354 953 1421 ita
972 1355 1029 1421 vel
1055 1356 1149 1441 apud
1171 1354 1402 1436 Ciceronem,

369 1474 468 1538 certe
491 1468 528 1536 in
550 1469 796 1538 familiaribus
826 1469 1015 1556 epistolis,
1046 1471 1250 1538 Varronem
1282 1472 1405 1536 Hora-

368 1581 534 1668 tiumque
550 1581 596 1671 (1)
614 1582 809 1666 reperitur.

412 1787 438 1874 ε)
462 1790 517 1854 lta
539 1788 684 1854 demum
705 1786 873 1855 adhiberi
889 1786 1038 1871 scimus,
1061 1785 1123 1874 qui
1138 1787 1315 1853 absolutus
1329 1804 1402 1852 vo-

368 1909 483 1987 cetur,
501 1901 713 1986 ablativum,
725 1903 756 1970 si
771 1904 816 1970 ad
832 1902 975 1970 nullum
991 1901 1168 1970 orationis
1182 1901 1403 1969 vocabulum

369 2017 561 2083 referatur.
575 2018 688 2094 Quam
700 2021 827 2083 contra
844 2016 963 2099 legem
981 2014 1048 2082 etsi
1064 2016 1122 2081 vel
1139 2013 1265 2100 optimi
1281 2013 1404 2099 scrip-

369 2135 466 2198 tores
498 2129 634 2216 saepius
668 2130 904 2216 deliquerunt
937 2130 1045 2218 (quod
1076 2128 1222 2216 quidem
1249 2130 1289 2194 fit
1316 2147 1402 2194 curn

367 2244 562 2311 verborum
591 2243 977 2330 comprehensionem,
1008 2242 1046 2310 in
1073 2246 1220 2330 quaest
1248 2240 1403 2328 partici-

368 2357 481 2444 pium,
497 2357 649 2424 meliore
663 2357 701 2425 in
715 2358 797 2425 luce
810 2359 939 2424 nolunt
950 2345 1146 2443 collocare)
1161 2354 1221 2443 (2),
1239 2361 1402 2422 attamen

368 2471 464 2538 haud
489 2470 639 2538 dubium
663 2475 718 2538 est
736 2470 824 2558 quin
844 2471 1022 2537 absolutus
1038 2469 1219 2538 ablativus
1238 2461 1277 2536 in
1297 2469 1401 2536 hisce

368 2584 459 2652 locis
475 2580 603 2670 parum
619 2584 756 2652 latinus
773 2604 854 2652 esse
869 2584 1059 2651 videatur:

403 2742 490 2797 Ovid.
509 2743 551 2796 ll.
570 2742 597 2796 3.
613 2741 666 2795 159
680 2743 889 2811 lacrymasque
903 2740 1015 2810 notavi,
1032 2758 1079 2793 mc
1101 2741 1296 2811 lacrymante,
1312 2745 1396 2795 tuas.

367 2837 449 2907 Fust.
463 2834 490 2889 2.
504 2834 556 2888 139
571 2841 682 2904 castas,
699 2836 771 2888 duce
787 2851 826 2904 sc,
838 2835 924 2903 jubet
938 2850 1009 2889 esse
1024 2835 1161 2890 maritas
1181 2836 1249 2888 Am.
1261 2834 1287 2887 1.
1303 2833 1348 2904 ll,
1365 2834 1403 2887 13

366 2931 501 2983 morinco
523 2931 560 2984 ad
584 2932 661 2984 banc
680 2932 741 2984 voli
756 2931 858 2999 tinem,
875 2946 922 2983 mc
940 2931 1033 2984 milite
1046 2928 1127 2983 oeni.
1147 2960 1181 2968 —
1196 2930 1302 2997 Vellej.
1320 2928 1347 2982 1.
1364 2929 1402 2983 44

368 3026 419 3077 boc
435 3024 525 3091 igitur
536 3025 654 3077 consule
666 3025 743 3078 inter
753 3039 819 3077 eum
832 3029 861 3078 et
873 3025 927 3079 Cn.
943 3025 1117 3091 Pompeium
1130 3054 1163 3062 -
1174 3024 1246 3077 inita
1256 3026 1401 3092 potentiae

367 3121 511 3175 societas
524 3152 557 3159 -
571 3121 637 3175 Val.
652 3121 732 3175 Max.
745 3120 772 3175 1.
790 3121 817 3189 8,
832 3119 850 3175 6
865 3135 924 3175 non
939 3119 1116 3174 coclearibus
1132 3118 1275 3173 Ronmnia
1294 3121 1401 3189 praelio

367 3218 554 3283 congredi-
566 3233 611 3269 eos
626 3216 737 3271 hortari
751 3218 857 3286 coepit.

410 3368 551 3437 Idcirco
574 3367 691 3452 igitur
712 3368 917 3436 laudandus
934 3372 989 3436 est
1004 3371 1150 3453 Noster,
1168 3369 1252 3456 quia
1274 3368 1402 3455 pravi-

366 3488 459 3552 tates
475 3483 560 3551 illas
576 3482 754 3551 orationis
770 3482 1056 3568 diligentissime
1073 3483 1233 3552 evitavit.

364 3772 478 3825 -talia
493 3770 605 3824 reddit.
625 3771 730 3838 Vellei.
751 3770 776 3824 1.
795 3770 828 3824 17
840 3788 915 3840 pace
931 3773 1031 3826 Crassi
1042 3773 1222 3827 —dixerim
1240 3773 1285 3826 uf.
1304 3772 1403 3828 1119

364 3856 429 3909 Val.
450 3857 530 3909 Max.
548 3855 574 3909 5.
592 3854 683 3909 ‘dext
701 3857 788 3923 prael.
1247 3909 1252 3915 ,

401 3940 440 4007 (1)
458 3941 519 3995 Cic.
540 3942 623 3994 l'am.
644 3940 690 3993 11.
711 3941 738 4009 9,
758 3941 776 3993 ‘l
795 3957 853 3996 nec
873 3942 1035 4010 quidquam
1055 3940 1142 3995 aliud
1158 3942 1294 3995 libertate
1316 3958 1403 3997 com-

364 4025 459 4078 muni.
480 4054 513 4062 -
529 4025 622 4079 Varro
637 4025 671 4079 R.
685 4026 720 4079 R.
732 4024 758 4078 3.
777 4024 822 4093 16,
838 4024 874 4078 23
889 4024 974 4078 uliud
987 4027 1089 4079 melle.
1110 4058 1143 4065 —
1160 4028 1232 4080 Hor.
1249 4027 1311 4079 Sat.
1326 4027 1353 4080 2.
1371 4029 1402 4096 3,

362 4107 416 4162 ‘208
438 4102 557 4175 speeies
580 4106 658 4161 olias
682 4107 771 4161 verte.
798 4110 853 4178 Ep.
873 4110 899 4163 t.
917 4110 961 4177 16,
982 4109 1019 4163 10
1040 4109 1352 4181 cclircmsccpriercte32.
1372 4112 1402 4181 1,

361 4191 415 4244 aad
430 4190 508 4244 cilius
523 4190 662 4261 Lysippo.

400 4276 439 4341 (2)
455 4277 572 4338 Manum
586 4274 599 4342 ,1
613 4276 675 4339 428,
693 4282 757 4331 not.
778 4276 810 4333 l.
