3134 5100
819 498 978 561 ..12-

385 687 404 730 «
427 681 602 750 reponere
625 662 707 752 »(1)
724 668 821 731 aut«
843 664 985 730 uincere
1007 683 1026 727 1
1043 660 1214 758 (2111011,
1232 666 1272 729 ut
1284 663 1413 731 Velle-

377 781 453 866 jus,
472 777 687 847 ambitiose:
707 800 726 843 «
748 780 893 861 functus
906 777 1055 844 statione
1069 777 1215 843 mortali
1238 798 1257 841 ›>
1277 777 1325 867 (3)
1351 782 1414 844 aut

385 915 403 957 ‹<
421 893 460 958 iu
473 911 538 958 sea
551 892 727 958 resolutus
743 891 847 956 initia
863 912 882 954 »
897 889 957 978 (4),
973 891 1036 957 sed
1053 891 1161 972 hano,
1179 909 1261 976 quae
1275 889 1412 956 dicenti

383 1005 539 1073 maxime
565 1004 671 1073 obvia
696 1008 764 1087 est,
790 1003 1013 1072 locutionem
1042 1002 1196 1070 assumit
1222 1020 1231 1070 t
1263 1006 1411 1070 «Mor-

386 1119 465 1182 tuus
481 1137 500 1179 11
517 1113 576 1203 (5).
595 1115 682 1181 Vult
697 1114 795 1181 idem
810 1115 927 1199 Vellej
935 1132 976 1180 us
992 1113 1114 1182 dicere
1130 1133 1302 1198 maguam
1317 1114 1413 1181 oela-

384 1227 547 1296 mitatem
570 1247 614 1295 ex
634 1226 833 1314 improviso
852 1226 1068 1295 immineret
1087 1229 1169 1295 Non
1189 1226 1285 1295 siout
1299 1229 1411 1294 Phae-

384 1346 470 1412 drus
487 1345 680 1430 eloquetur
696 1361 703 1411 :

529 1516 542 1548 1
562 1498 677 1562 Quanta
692 1497 779 1551 nobis
794 1497 886 1551 instat
901 1496 1067 1566 pernicies!
1089 1514 1103 1546 »

1091 1583 1113 1638 1.
1131 1580 1175 1652 30,
1191 1580 1218 1637 3.

384 1680 461 1763 sed,
477 1679 572 1764 quod
588 1679 702 1746 multo
717 1677 936 1764 exquisitius
951 1684 1007 1746 est
1026 1696 1034 1746 :

439 1851 452 1883 1
473 1833 506 1886 lu
523 1847 613 1901 quam
628 1836 709 1887 arcto
725 1833 832 1887 salutis
846 1832 989 1899 exitiique
1003 1831 1148 1886 fuerimus
1162 1831 1311 1886 confinio!
1328 1850 1342 1881 1

1113 1931 1140 2002 2,
1156 1930 1219 1986 124.

383 2058 465 2126 Non
492 2055 613 2124 minus
639 2054 832 2123 aValerio
860 2055 1017 2122 Maximo
1042 2056 1220 2122 Phaedrus
1249 2054 1414 2123 oratione

386 2169 582 2238 dissentit:
609 2187 762 2254 nempe,
787 2167 944 2253 exempli
970 2167 1111 2252 gratia,
1139 2167 1200 2236 hic
1228 2167 1308 2235 sine
1339 2169 1414 2235 ullo

386 2291 562 2373 apparatu
586 2283 675 2350 dioit
699 2305 717 2346 «
738 2283 862 2349 videre
883 2281 1120 2349 simulacrum
1135 2305 1153 2348 »
1175 2283 1221 2371 (6)
1245 2288 1307 2350 aut
1328 2306 1348 2348 «
1369 2304 1414 2351 ne

386 2403 527 2467 tantum
556 2397 702 2464 miserae
730 2397 868 2463 luctum
899 2397 1113 2480 importaret
1138 2398 1205 2463 sibi
1227 2419 1246 2461 »
1269 2397 1323 2485 ll)
1355 2403 1415 2464 aut

388 2534 406 2578 ‹<
430 2515 589 2579 metuere
612 2508 752 2596 aliquid
776 2531 795 2575 >›
820 2509 866 2599 (8)
879 2528 889 2596 ;
912 2510 975 2579 ille
999 2516 1120 2578 autem
1141 2503 1233 2579 haec'
1249 2512 1413 2581 affectata

387 2625 578 2713 exquirit:
608 2625 802 2692 «haurire
829 2625 1070 2710 imaginem»
1099 2624 1165 2714 (9),
1191 2647 1210 2690 1
1234 2628 1414 2693 necessitas

385 2743 525 2809 aditum
555 2742 668 2807 luctui
681 2741 813 2806 dedit»
837 2739 927 2829 (10),
958 2760 1072 2808 «non
1095 2741 1215 2809 dentis
1236 2744 1300 2809 sed
1327 2741 1413 2810 ferri

388 2856 530 2925 saevitia
545 2857 583 2922 111
596 2853 941 2939 melureponebalur
954 2876 973 2919 ›>
991 2854 1072 2943 (11).

431 2968 535 3036 Haud
550 2965 783 3051 ineleganter
797 2966 976 3034 Phaedrus
991 2965 1081 3033 dicit
1097 2985 1105 3034 :
