<?xml version="1.0" encoding="UTF-8"?>
<!DOCTYPE html PUBLIC "-//W3C//DTD XHTML 1.0 Transitional//EN"
    "http://www.w3.org/TR/xhtml1/DTD/xhtml1-transitional.dtd">
<html xmlns="http://www.w3.org/1999/xhtml" xml:lang="en" lang="en">
 <head>
  <title>
</title>
<meta http-equiv="Content-Type" content="text/html;charset=utf-8" />
  <meta name='ocr-system' content='tesseract 3.04.00' />
  <meta name='ocr-capabilities' content='ocr_page ocr_carea ocr_par ocr_line ocrx_word'/>
</head>
<body>
  <div class='ocr_page' id='page_1' title='image "./dephaedrisermon00causgoog_0090.png"; bbox 0 0 3134 5100; ppageno 0'>
   <div class='ocr_carea' id='block_1_1' title="bbox 832 599 993 662">
    <p class='ocr_par' dir='ltr' id='par_1_1' title="bbox 832 599 993 662">
     <span class='ocr_line' id='line_1_1' title="bbox 832 599 993 662; baseline -0.006 -15"><span class='ocrx_word' id='word_1_1' title='bbox 832 599 993 662; x_wconf 74' lang='lat'><strong>..72-</strong></span> 
     </span>
    </p>
   </div>
   <div class='ocr_carea' id='block_1_2' title="bbox 394 763 1424 1310">
    <p class='ocr_par' dir='ltr' id='par_1_2' title="bbox 394 763 1424 1310">
     <span class='ocr_line' id='line_1_2' title="bbox 438 763 1424 852; baseline -0.004 -18"><span class='ocrx_word' id='word_1_2' title='bbox 438 765 539 834; x_wconf 84' lang='lat' dir='ltr'>Adde</span> <span class='ocrx_word' id='word_1_3' title='bbox 555 764 651 852; x_wconf 94' lang='lat' dir='ltr'>quod</span> <span class='ocrx_word' id='word_1_4' title='bbox 667 763 728 834; x_wconf 93' lang='lat' dir='ltr'>ubi</span> <span class='ocrx_word' id='word_1_5' title='bbox 740 764 876 834; x_wconf 82' lang='lat' dir='ltr'>sinceri</span> <span class='ocrx_word' id='word_1_6' title='bbox 890 763 1071 834; x_wconf 88' lang='lat' dir='ltr'>sermonis</span> <span class='ocrx_word' id='word_1_7' title='bbox 1087 763 1233 849; x_wconf 86' lang='lat' dir='ltr'>legibus</span> <span class='ocrx_word' id='word_1_8' title='bbox 1247 764 1424 832; x_wconf 85' lang='lat' dir='ltr'>Phaedrus</span> 
     </span>
     <span class='ocr_line' id='line_1_3' title="bbox 395 879 1423 968; baseline -0.001 -20"><span class='ocrx_word' id='word_1_9' title='bbox 395 881 561 967; x_wconf 89' lang='lat' dir='ltr'>inservit,</span> <span class='ocrx_word' id='word_1_10' title='bbox 577 881 629 950; x_wconf 93' lang='lat' dir='ltr'>ibi</span> <span class='ocrx_word' id='word_1_11' title='bbox 645 899 908 968; x_wconf 84' lang='lat' dir='ltr'>nonnunquam</span> <span class='ocrx_word' id='word_1_12' title='bbox 925 881 1088 967; x_wconf 86' lang='lat' dir='ltr'>aequales</span> <span class='ocrx_word' id='word_1_13' title='bbox 1102 879 1325 948; x_wconf 89' lang='lat' dir='ltr'>infinitivum</span> <span class='ocrx_word' id='word_1_14' title='bbox 1339 899 1423 947; x_wconf 93' lang='lat' dir='ltr'>mo-</span> 
     </span>
     <span class='ocr_line' id='line_1_4' title="bbox 394 991 1421 1079; baseline -0.003 -18"><span class='ocrx_word' id='word_1_15' title='bbox 394 994 480 1061; x_wconf 91' lang='lat' dir='ltr'>dum</span> <span class='ocrx_word' id='word_1_16' title='bbox 495 992 716 1062; x_wconf 88' lang='lat' dir='ltr'>insolentius</span> <span class='ocrx_word' id='word_1_17' title='bbox 732 994 1012 1079; x_wconf 83' lang='lat' dir='ltr'>usurpantNon</span> <span class='ocrx_word' id='word_1_18' title='bbox 1029 991 1141 1077; x_wconf 87' lang='lat' dir='ltr'>enim,</span> <span class='ocrx_word' id='word_1_19' title='bbox 1155 997 1194 1059; x_wconf 89' lang='lat' dir='ltr'>ut</span> <span class='ocrx_word' id='word_1_20' title='bbox 1205 991 1355 1060; x_wconf 89' lang='lat' dir='ltr'>Ovidius</span> <span class='ocrx_word' id='word_1_21' title='bbox 1363 991 1421 1079; x_wconf 85' lang='lat' dir='ltr'>(l).</span> 
     </span>
     <span class='ocr_line' id='line_1_5' title="bbox 394 1103 1422 1193; baseline -0.004 -19"><span class='ocrx_word' id='word_1_22' title='bbox 394 1107 616 1175; x_wconf 87' lang='lat' dir='ltr'>infinitivum</span> <span class='ocrx_word' id='word_1_23' title='bbox 645 1126 727 1174; x_wconf 93' lang='lat' dir='ltr'>cum</span> <span class='ocrx_word' id='word_1_24' title='bbox 750 1107 863 1174; x_wconf 89' lang='lat' dir='ltr'>verbo</span> <span class='ocrx_word' id='word_1_25' title='bbox 889 1128 908 1171; x_wconf 74' lang='lat' dir='ltr'>v</span> <span class='ocrx_word' id='word_1_26' title='bbox 930 1125 1036 1173; x_wconf 87' lang='lat' dir='ltr'>orare</span> <span class='ocrx_word' id='word_1_27' title='bbox 1059 1128 1097 1191; x_wconf 74' lang='lat' dir='ltr'>r,</span> <span class='ocrx_word' id='word_1_28' title='bbox 1121 1106 1205 1190; x_wconf 89' lang='lat' dir='ltr'>sed,</span> <span class='ocrx_word' id='word_1_29' title='bbox 1230 1112 1269 1172; x_wconf 89' lang='lat' dir='ltr'>ut</span> <span class='ocrx_word' id='word_1_30' title='bbox 1296 1103 1422 1193; x_wconf 89' lang='lat' dir='ltr'>optimi</span> 
     </span>
     <span class='ocr_line' id='line_1_6' title="bbox 394 1218 1419 1310; baseline -0.006 -19"><span class='ocrx_word' id='word_1_31' title='bbox 394 1222 605 1310; x_wconf 87' lang='lat' dir='ltr'>scriptores,</span> <span class='ocrx_word' id='word_1_32' title='bbox 616 1220 886 1306; x_wconf 80' lang='lat' dir='ltr'>subjunctivum</span> <span class='ocrx_word' id='word_1_33' title='bbox 898 1221 1044 1287; x_wconf 93' lang='lat' dir='ltr'>modum</span> <span class='ocrx_word' id='word_1_34' title='bbox 1057 1238 1139 1288; x_wconf 88' lang='lat' dir='ltr'>cum</span> <span class='ocrx_word' id='word_1_35' title='bbox 1153 1224 1246 1286; x_wconf 80' lang='lat' dir='ltr'>«ut»</span> <span class='ocrx_word' id='word_1_36' title='bbox 1257 1218 1419 1286; x_wconf 80' lang='lat' dir='ltr'>adhibet:</span> 
     </span>
    </p>
   </div>
   <div class='ocr_carea' id='block_1_3' title="bbox 501 1373 1002 1443">
    <p class='ocr_par' dir='ltr' id='par_1_3' title="bbox 501 1373 1002 1443">
     <span class='ocr_line' id='line_1_7' title="bbox 501 1373 1002 1443; baseline -0.002 -14"><span class='ocrx_word' id='word_1_37' title='bbox 501 1375 531 1430; x_wconf 92' lang='grc'>4.</span> <span class='ocrx_word' id='word_1_38' title='bbox 550 1373 595 1443; x_wconf 82' lang='grc'>90,</span> <span class='ocrx_word' id='word_1_39' title='bbox 611 1373 629 1428; x_wconf 88' lang='grc'><strong>5</strong></span> <span class='ocrx_word' id='word_1_40' title='bbox 644 1373 702 1429; x_wconf 80' lang='lat' dir='ltr'>Oro</span> <span class='ocrx_word' id='word_1_41' title='bbox 716 1376 795 1426; x_wconf 86' lang='lat' dir='ltr'>ut-</span> <span class='ocrx_word' id='word_1_42' title='bbox 806 1373 856 1426; x_wconf 85' lang='lat' dir='ltr'>des</span> <span class='ocrx_word' id='word_1_43' title='bbox 870 1373 1002 1428; x_wconf 88' lang='lat' dir='ltr'>veniam.</span> 
     </span>
    </p>
   </div>
   <div class='ocr_carea' id='block_1_4' title="bbox 394 1507 1422 1823">
    <p class='ocr_par' dir='ltr' id='par_1_4' title="bbox 394 1507 1422 1823">
     <span class='ocr_line' id='line_1_8' title="bbox 395 1507 1422 1597; baseline -0.003 -19"><span class='ocrx_word' id='word_1_44' title='bbox 395 1511 489 1593; x_wconf 91' lang='lat' dir='ltr'>Non,</span> <span class='ocrx_word' id='word_1_45' title='bbox 507 1507 602 1578; x_wconf 88' lang='lat' dir='ltr'>sicut</span> <span class='ocrx_word' id='word_1_46' title='bbox 616 1508 781 1577; x_wconf 88' lang='lat' dir='ltr'>Tibullus</span> <span class='ocrx_word' id='word_1_47' title='bbox 797 1508 844 1597; x_wconf 82' lang='lat'>(2)</span> <span class='ocrx_word' id='word_1_48' title='bbox 860 1515 896 1576; x_wconf 89' lang='lat' dir='ltr'>et</span> <span class='ocrx_word' id='word_1_49' title='bbox 912 1507 1124 1596; x_wconf 81' lang='lat' dir='ltr'>Propertius</span> <span class='ocrx_word' id='word_1_50' title='bbox 1140 1507 1200 1597; x_wconf 88' lang='lat'><strong>(3),</strong></span> <span class='ocrx_word' id='word_1_51' title='bbox 1217 1527 1300 1576; x_wconf 87' lang='lat' dir='ltr'>eum</span> <span class='ocrx_word' id='word_1_52' title='bbox 1313 1509 1422 1576; x_wconf 89' lang='lat' dir='ltr'>verbo</span> 
     </span>
     <span class='ocr_line' id='line_1_9' title="bbox 396 1621 1421 1710; baseline -0.001 -19"><span class='ocrx_word' id='word_1_53' title='bbox 396 1623 557 1693; x_wconf 85' lang='lat' dir='ltr'>«timere</span> <span class='ocrx_word' id='word_1_54' title='bbox 572 1646 591 1689; x_wconf 68' lang='lat' dir='ltr'>v</span> <span class='ocrx_word' id='word_1_55' title='bbox 608 1623 845 1708; x_wconf 89' lang='lat' dir='ltr'>infinitivum,</span> <span class='ocrx_word' id='word_1_56' title='bbox 855 1624 919 1692; x_wconf 90' lang='lat' dir='ltr'>sed</span> <span class='ocrx_word' id='word_1_57' title='bbox 935 1642 1017 1691; x_wconf 91' lang='lat' dir='ltr'>oum</span> <span class='ocrx_word' id='word_1_58' title='bbox 1034 1646 1053 1690; x_wconf 75' lang='lat' dir='ltr'>e</span> <span class='ocrx_word' id='word_1_59' title='bbox 1068 1643 1114 1691; x_wconf 89' lang='lat' dir='ltr'>ne</span> <span class='ocrx_word' id='word_1_60' title='bbox 1130 1645 1149 1687; x_wconf 75' lang='lat' dir='ltr'>s</span> <span class='ocrx_word' id='word_1_61' title='bbox 1166 1621 1421 1710; x_wconf 88' lang='lat' dir='ltr'>conjunctione</span> 
     </span>
     <span class='ocr_line' id='line_1_10' title="bbox 394 1736 852 1823; baseline -0.004 -17"><span class='ocrx_word' id='word_1_62' title='bbox 394 1736 664 1823; x_wconf 81' lang='lat' dir='ltr'>subJuuctivum</span> <span class='ocrx_word' id='word_1_63' title='bbox 680 1736 827 1804; x_wconf 90' lang='lat' dir='ltr'>modum</span> <span class='ocrx_word' id='word_1_64' title='bbox 844 1754 852 1804; x_wconf 91' lang='lat'><strong>:</strong></span> 
     </span>
    </p>
   </div>
   <div class='ocr_carea' id='block_1_5' title="bbox 499 1887 1244 1959">
    <p class='ocr_par' dir='ltr' id='par_1_5' title="bbox 499 1887 1244 1959">
     <span class='ocr_line' id='line_1_11' title="bbox 499 1887 1244 1959; baseline 0.003 -16"><span class='ocrx_word' id='word_1_65' title='bbox 499 1890 530 1944; x_wconf 93' lang='grc'>4.</span> <span class='ocrx_word' id='word_1_66' title='bbox 550 1888 595 1959; x_wconf 99' lang='grc'>18,</span> <span class='ocrx_word' id='word_1_67' title='bbox 612 1888 648 1943; x_wconf 93' lang='grc'>18</span> <span class='ocrx_word' id='word_1_68' title='bbox 665 1887 813 1944; x_wconf 81' lang='lat' dir='ltr'>Timentes</span> <span class='ocrx_word' id='word_1_69' title='bbox 828 1889 939 1957; x_wconf 88' lang='lat' dir='ltr'>aliquid</span> <span class='ocrx_word' id='word_1_70' title='bbox 953 1904 991 1943; x_wconf 79' lang='lat' dir='ltr'>ne</span> <span class='ocrx_word' id='word_1_71' title='bbox 1007 1889 1104 1945; x_wconf 89' lang='lat' dir='ltr'>simile</span> <span class='ocrx_word' id='word_1_72' title='bbox 1119 1890 1244 1945; x_wconf 86' lang='lat' dir='ltr'>accidat.</span> 
     </span>
    </p>
   </div>
   <div class='ocr_carea' id='block_1_6' title="bbox 394 2114 1423 2430">
    <p class='ocr_par' dir='ltr' id='par_1_6' title="bbox 394 2114 1423 2430">
     <span class='ocr_line' id='line_1_12' title="bbox 439 2114 1423 2203; baseline 0.001 -20"><span class='ocrx_word' id='word_1_73' title='bbox 439 2114 467 2201; x_wconf 87' lang='grc' dir='ltr'>β)</span> <span class='ocrx_word' id='word_1_74' title='bbox 490 2114 567 2183; x_wconf 86' lang='lat' dir='ltr'>Etsi</span> <span class='ocrx_word' id='word_1_75' title='bbox 589 2135 672 2183; x_wconf 87' lang='lat' dir='ltr'>eum</span> <span class='ocrx_word' id='word_1_76' title='bbox 691 2116 803 2184; x_wconf 87' lang='lat' dir='ltr'>verbo</span> <span class='ocrx_word' id='word_1_77' title='bbox 827 2116 993 2200; x_wconf 84' lang='lat' dir='ltr'>«jubere</span> <span class='ocrx_word' id='word_1_78' title='bbox 1016 2137 1035 2181; x_wconf 77' lang='lat' dir='ltr'>r</span> <span class='ocrx_word' id='word_1_79' title='bbox 1058 2116 1185 2184; x_wconf 86' lang='lat' dir='ltr'>Cicero</span> <span class='ocrx_word' id='word_1_80' title='bbox 1207 2116 1286 2203; x_wconf 90' lang='lat' dir='ltr'>ipse</span> <span class='ocrx_word' id='word_1_81' title='bbox 1311 2117 1423 2184; x_wconf 89' lang='lat' dir='ltr'>semel</span> 
     </span>
     <span class='ocr_line' id='line_1_13' title="bbox 394 2226 1422 2313; baseline 0.001 -19"><span class='ocrx_word' id='word_1_82' title='bbox 394 2233 502 2313; x_wconf 87' lang='lat' dir='ltr'>atque</span> <span class='ocrx_word' id='word_1_83' title='bbox 525 2226 658 2294; x_wconf 90' lang='lat' dir='ltr'>iterum</span> <span class='ocrx_word' id='word_1_84' title='bbox 682 2227 954 2312; x_wconf 86' lang='lat' dir='ltr'>subjunctivum</span> <span class='ocrx_word' id='word_1_85' title='bbox 978 2229 1124 2296; x_wconf 91' lang='lat' dir='ltr'>modum</span> <span class='ocrx_word' id='word_1_86' title='bbox 1150 2227 1366 2312; x_wconf 77' lang='lat' dir='ltr'>construxit,</span> <span class='ocrx_word' id='word_1_87' title='bbox 1387 2228 1422 2295; x_wconf 93' lang='lat' dir='ltr'>id</span> 
     </span>
     <span class='ocr_line' id='line_1_14' title="bbox 394 2338 1420 2430; baseline 0.003 -25"><span class='ocrx_word' id='word_1_88' title='bbox 394 2339 513 2407; x_wconf 90' lang='lat' dir='ltr'>nihilo</span> <span class='ocrx_word' id='word_1_89' title='bbox 528 2338 649 2407; x_wconf 90' lang='lat' dir='ltr'>minus</span> <span class='ocrx_word' id='word_1_90' title='bbox 662 2340 1003 2426; x_wconf 88' lang='lat' dir='ltr'>reprehendendum</span> <span class='ocrx_word' id='word_1_91' title='bbox 1018 2360 1098 2408; x_wconf 85' lang='lat' dir='ltr'>esse</span> <span class='ocrx_word' id='word_1_92' title='bbox 1108 2339 1354 2426; x_wconf 81' lang='lat' dir='ltr'>judicaverim</span> <span class='ocrx_word' id='word_1_93' title='bbox 1364 2340 1420 2430; x_wconf 87' lang='grc'>(4).</span> 
     </span>
    </p>
   </div>
   <div class='ocr_carea' id='block_1_7' title="bbox 395 2454 1535 2541">
    <p class='ocr_par' dir='ltr' id='par_1_7' title="bbox 395 2454 1535 2541">
     <span class='ocr_line' id='line_1_15' title="bbox 395 2454 1535 2541; baseline -0.002 -19"><span class='ocrx_word' id='word_1_94' title='bbox 395 2458 522 2540; x_wconf 87' lang='lat' dir='ltr'>Itaque</span> <span class='ocrx_word' id='word_1_95' title='bbox 538 2473 581 2522; x_wconf 88' lang='lat' dir='ltr'>ea</span> <span class='ocrx_word' id='word_1_96' title='bbox 598 2474 636 2521; x_wconf 87' lang='lat' dir='ltr'>re</span> <span class='ocrx_word' id='word_1_97' title='bbox 658 2454 863 2521; x_wconf 89' lang='lat' dir='ltr'>laudandus</span> <span class='ocrx_word' id='word_1_98' title='bbox 885 2460 941 2522; x_wconf 89' lang='lat' dir='ltr'>est</span> <span class='ocrx_word' id='word_1_99' title='bbox 963 2456 1140 2522; x_wconf 86' lang='lat' dir='ltr'>Phaedrus</span> <span class='ocrx_word' id='word_1_100' title='bbox 1163 2456 1258 2540; x_wconf 91' lang='lat' dir='ltr'>quod</span> <span class='ocrx_word' id='word_1_101' title='bbox 1282 2474 1369 2538; x_wconf 91' lang='lat' dir='ltr'>non,</span> <span class='ocrx_word' id='word_1_102' title='bbox 1386 2458 1423 2521; x_wconf 91' lang='lat' dir='ltr'>ut</span> <span class='ocrx_word' id='word_1_103' title='bbox 1534 2536 1535 2541; x_wconf 6' lang='grc' dir='ltr'><strong>Ἰ</strong></span> 
     </span>
    </p>
   </div>
   <div class='ocr_carea' id='block_1_8' title="bbox 394 2555 1535 2995">
    <p class='ocr_par' dir='ltr' id='par_1_8' title="bbox 394 2555 1535 2995">
     <span class='ocr_line' id='line_1_16' title="bbox 394 2555 1535 2656; baseline -0.002 -21"><span class='ocrx_word' id='word_1_104' title='bbox 394 2566 567 2635; x_wconf 85' lang='lat' dir='ltr'>Horatius</span> <span class='ocrx_word' id='word_1_105' title='bbox 597 2567 662 2656; x_wconf 85' lang='grc'><strong>(5),</strong></span> <span class='ocrx_word' id='word_1_106' title='bbox 687 2566 870 2651; x_wconf 84' lang='lat' dir='ltr'>Virgilius</span> <span class='ocrx_word' id='word_1_107' title='bbox 899 2568 965 2654; x_wconf 89' lang='lat'>(6),</span> <span class='ocrx_word' id='word_1_108' title='bbox 996 2567 1146 2635; x_wconf 86' lang='lat' dir='ltr'>Ovidius</span> <span class='ocrx_word' id='word_1_109' title='bbox 1168 2568 1228 2655; x_wconf 90' lang='grc'><strong>(7),</strong></span> <span class='ocrx_word' id='word_1_110' title='bbox 1255 2568 1421 2636; x_wconf 88' lang='lat' dir='ltr'>vitiosam</span> <span class='ocrx_word' id='word_1_111' title='bbox 1534 2555 1535 2576; x_wconf 53' lang='lat'><strong>³</strong></span> 
     </span>
     <span class='ocr_line' id='line_1_17' title="bbox 394 2678 1422 2766; baseline 0.001 -20"><span class='ocrx_word' id='word_1_112' title='bbox 394 2678 841 2747; x_wconf 87' lang='lat' dir='ltr'>illamdicendirationem</span> <span class='ocrx_word' id='word_1_113' title='bbox 852 2680 1011 2764; x_wconf 90' lang='lat' dir='ltr'>admisit,</span> <span class='ocrx_word' id='word_1_114' title='bbox 1022 2682 1085 2747; x_wconf 89' lang='lat' dir='ltr'>sed</span> <span class='ocrx_word' id='word_1_115' title='bbox 1095 2682 1295 2749; x_wconf 90' lang='lat' dir='ltr'>secundum</span> <span class='ocrx_word' id='word_1_116' title='bbox 1305 2700 1422 2766; x_wconf 83' lang='lat' dir='ltr'>gram·</span> 
     </span>
     <span class='ocr_line' id='line_1_18' title="bbox 394 2795 1422 2886; baseline 0 -22"><span class='ocrx_word' id='word_1_117' title='bbox 394 2795 538 2864; x_wconf 87' lang='lat' dir='ltr'>maticae</span> <span class='ocrx_word' id='word_1_118' title='bbox 554 2798 657 2879; x_wconf 81' lang='lat' dir='ltr'>leges</span> <span class='ocrx_word' id='word_1_119' title='bbox 672 2795 895 2863; x_wconf 87' lang='lat' dir='ltr'>infinitivum</span> <span class='ocrx_word' id='word_1_120' title='bbox 909 2815 992 2863; x_wconf 91' lang='lat' dir='ltr'>cum</span> <span class='ocrx_word' id='word_1_121' title='bbox 1004 2796 1211 2886; x_wconf 86' lang='lat' dir='ltr'>accusativo</span> <span class='ocrx_word' id='word_1_122' title='bbox 1225 2816 1312 2865; x_wconf 86' lang='lat' dir='ltr'>casu</span> <span class='ocrx_word' id='word_1_123' title='bbox 1329 2816 1422 2865; x_wconf 90' lang='lat' dir='ltr'>sem-</span> 
     </span>
     <span class='ocr_line' id='line_1_19' title="bbox 394 2908 667 2995; baseline -0.015 -19"><span class='ocrx_word' id='word_1_124' title='bbox 394 2928 460 2995; x_wconf 89' lang='lat' dir='ltr'>per</span> <span class='ocrx_word' id='word_1_125' title='bbox 475 2908 643 2977; x_wconf 84' lang='lat' dir='ltr'>adhibuit</span> <span class='ocrx_word' id='word_1_126' title='bbox 659 2926 667 2972; x_wconf 92' lang='lat'>:</span> 
     </span>
    </p>
   </div>
   <div class='ocr_carea' id='block_1_9' title="bbox 431 3059 1421 3133">
    <p class='ocr_par' dir='ltr' id='par_1_9' title="bbox 431 3059 1421 3133">
     <span class='ocr_line' id='line_1_20' title="bbox 431 3059 1421 3133; baseline -0.001 -17"><span class='ocrx_word' id='word_1_127' title='bbox 431 3063 456 3116; x_wconf 89' lang='grc' dir='ltr'>Ι.</span> <span class='ocrx_word' id='word_1_128' title='bbox 478 3061 520 3131; x_wconf 89' lang='grc'>11,</span> <span class='ocrx_word' id='word_1_129' title='bbox 545 3061 580 3115; x_wconf 73' lang='lat' dir='ltr'>la</span> <span class='ocrx_word' id='word_1_130' title='bbox 595 3059 816 3129; x_wconf 55' lang='lat' dir='ltr'>Asinumejubet</span> <span class='ocrx_word' id='word_1_131' title='bbox 839 3076 945 3117; x_wconf 86' lang='lat' dir='ltr'>vocem</span> <span class='ocrx_word' id='word_1_132' title='bbox 966 3078 1119 3131; x_wconf 79' lang='lat' dir='ltr'>premere.</span> <span class='ocrx_word' id='word_1_133' title='bbox 1139 3092 1173 3103; x_wconf 97' lang='lat'>-</span> <span class='ocrx_word' id='word_1_134' title='bbox 1199 3063 1242 3133; x_wconf 90' lang='grc'><strong>14,</strong></span> <span class='ocrx_word' id='word_1_135' title='bbox 1263 3062 1282 3118; x_wconf 88' lang='grc'><strong>9</strong></span> <span class='ocrx_word' id='word_1_136' title='bbox 1301 3062 1421 3117; x_wconf 81' lang='lat' dir='ltr'>Ebibere</span> 
     </span>
    </p>
   </div>
   <div class='ocr_carea' id='block_1_10' title="bbox 395 3234 1417 3241">
    <p class='ocr_par' dir='ltr' id='par_1_10' title="bbox 395 3234 1417 3241">
     <span class='ocr_line' id='line_1_21' title="bbox 395 3234 1417 3241; baseline 0.002 -2"><span class='ocrx_word' id='word_1_137' title='bbox 395 3234 980 3240; x_wconf 74' lang='lat'>.--—.————..-.--—-</span> <span class='ocrx_word' id='word_1_138' title='bbox 1329 3234 1417 3241; x_wconf 75' lang='lat'>.-.-</span> 
     </span>
    </p>
   </div>
   <div class='ocr_carea' id='block_1_11' title="bbox 431 3311 1418 3382">
    <p class='ocr_par' dir='ltr' id='par_1_11' title="bbox 431 3311 1418 3382">
     <span class='ocr_line' id='line_1_22' title="bbox 431 3311 1418 3382; baseline 0 -16"><span class='ocrx_word' id='word_1_139' title='bbox 431 3313 470 3382; x_wconf 93' lang='grc'><strong>(1)</strong></span> <span class='ocrx_word' id='word_1_140' title='bbox 485 3314 526 3368; x_wconf 92' lang='lat' dir='ltr'>M.</span> <span class='ocrx_word' id='word_1_141' title='bbox 545 3311 572 3382; x_wconf 87' lang='grc'>6,</span> <span class='ocrx_word' id='word_1_142' title='bbox 594 3312 648 3367; x_wconf 93' lang='grc'><strong>413</strong></span> <span class='ocrx_word' id='word_1_143' title='bbox 673 3315 826 3381; x_wconf 85' lang='lat' dir='ltr'>urbesque</span> <span class='ocrx_word' id='word_1_144' title='bbox 850 3313 1027 3381; x_wconf 84' lang='lat' dir='ltr'>propinquae</span> <span class='ocrx_word' id='word_1_145' title='bbox 1052 3311 1246 3367; x_wconf 76' lang='lat' dir='ltr'>oravere-ire.</span> <span class='ocrx_word' id='word_1_146' title='bbox 1271 3314 1316 3369; x_wconf 84' lang='lat' dir='ltr'>Cf.</span> <span class='ocrx_word' id='word_1_147' title='bbox 1338 3315 1418 3381; x_wconf 82' lang='lat' dir='ltr'>virg.</span> 
     </span>
    </p>
   </div>
   <div class='ocr_carea' id='block_1_12' title="bbox 394 3396 1533 3468">
    <p class='ocr_par' dir='ltr' id='par_1_12' title="bbox 394 3396 1533 3468">
     <span class='ocr_line' id='line_1_23' title="bbox 394 3396 1533 3468; baseline -0.002 -17"><span class='ocrx_word' id='word_1_148' title='bbox 394 3397 457 3451; x_wconf 87' lang='lat' dir='ltr'>Ecl.</span> <span class='ocrx_word' id='word_1_149' title='bbox 476 3397 503 3465; x_wconf 80' lang='grc'>9,</span> <span class='ocrx_word' id='word_1_150' title='bbox 519 3396 554 3450; x_wconf 89' lang='grc'>43</span> <span class='ocrx_word' id='word_1_151' title='bbox 570 3411 587 3450; x_wconf 88' lang='lat' dir='ltr'>a</span> <span class='ocrx_word' id='word_1_152' title='bbox 602 3411 650 3451; x_wconf 88' lang='lat' dir='ltr'>me</span> <span class='ocrx_word' id='word_1_153' title='bbox 666 3397 732 3451; x_wconf 90' lang='lat' dir='ltr'>illos</span> <span class='ocrx_word' id='word_1_154' title='bbox 748 3396 987 3450; x_wconf 77' lang='lat' dir='ltr'>obducere-orat.</span> <span class='ocrx_word' id='word_1_155' title='bbox 1006 3397 1074 3451; x_wconf 84' lang='lat' dir='ltr'>AEn.</span> <span class='ocrx_word' id='word_1_156' title='bbox 1090 3397 1118 3468; x_wconf 91' lang='grc'>6,</span> <span class='ocrx_word' id='word_1_157' title='bbox 1134 3397 1187 3451; x_wconf 89' lang='grc'>313</span> <span class='ocrx_word' id='word_1_158' title='bbox 1203 3396 1330 3451; x_wconf 77' lang='lat' dir='ltr'>Orontes</span> <span class='ocrx_word' id='word_1_159' title='bbox 1339 3397 1421 3467; x_wconf 88' lang='lat' dir='ltr'>primi</span> <span class='ocrx_word' id='word_1_160' title='bbox 1532 3427 1533 3438; x_wconf 67' lang='lat'><strong>.</strong></span> 
     </span>
    </p>
   </div>
   <div class='ocr_carea' id='block_1_13' title="bbox 393 3475 1415 4137">
    <p class='ocr_par' dir='ltr' id='par_1_13' title="bbox 397 3475 753 3531">
     <span class='ocr_line' id='line_1_24' title="bbox 397 3475 753 3531; baseline 0.003 -2"><span class='ocrx_word' id='word_1_161' title='bbox 397 3475 602 3530; x_wconf 75' lang='lat' dir='ltr'>transmittere</span> <span class='ocrx_word' id='word_1_162' title='bbox 618 3490 753 3531; x_wconf 87' lang='lat' dir='ltr'>cursum.</span> 
     </span>
    </p>

    <p class='ocr_par' dir='ltr' id='par_1_14' title="bbox 430 3559 906 3629">
     <span class='ocr_line' id='line_1_25' title="bbox 430 3559 906 3629; baseline 0 -15"><span class='ocrx_word' id='word_1_163' title='bbox 430 3561 469 3629; x_wconf 81' lang='grc'><strong>(9)</strong></span> <span class='ocrx_word' id='word_1_164' title='bbox 485 3561 510 3614; x_wconf 93' lang='grc' dir='ltr'><strong>Ι.</strong></span> <span class='ocrx_word' id='word_1_165' title='bbox 529 3560 556 3629; x_wconf 91' lang='grc'>4,</span> <span class='ocrx_word' id='word_1_166' title='bbox 572 3560 604 3614; x_wconf 78' lang='lat' dir='ltr'>al</span> <span class='ocrx_word' id='word_1_167' title='bbox 622 3560 804 3628; x_wconf 78' lang='lat' dir='ltr'>Neojurore</span> <span class='ocrx_word' id='word_1_168' title='bbox 822 3559 906 3614; x_wconf 85' lang='lat' dir='ltr'>time.</span> 
     </span>
    </p>

    <p class='ocr_par' dir='ltr' id='par_1_15' title="bbox 393 3644 1415 3883">
     <span class='ocr_line' id='line_1_26' title="bbox 431 3644 1415 3715; baseline -0.002 -17"><span class='ocrx_word' id='word_1_169' title='bbox 431 3645 470 3715; x_wconf 92' lang='grc'>(3)</span> <span class='ocrx_word' id='word_1_170' title='bbox 485 3646 511 3698; x_wconf 93' lang='lat' dir='ltr'>l.</span> <span class='ocrx_word' id='word_1_171' title='bbox 530 3644 575 3714; x_wconf 91' lang='grc'><strong>14,</strong></span> <span class='ocrx_word' id='word_1_172' title='bbox 591 3644 627 3698; x_wconf 71' lang='lat' dir='ltr'>ld</span> <span class='ocrx_word' id='word_1_173' title='bbox 642 3660 698 3699; x_wconf 88' lang='lat' dir='ltr'>nec</span> <span class='ocrx_word' id='word_1_174' title='bbox 715 3644 802 3698; x_wconf 82' lang='lat' dir='ltr'>timet</span> <span class='ocrx_word' id='word_1_175' title='bbox 816 3644 1046 3700; x_wconf 60' lang='lat' dir='ltr'>oswino-subire</span> <span class='ocrx_word' id='word_1_176' title='bbox 1062 3650 1139 3701; x_wconf 87' lang='lat' dir='ltr'>toro.</span> <span class='ocrx_word' id='word_1_177' title='bbox 1160 3676 1193 3685; x_wconf 92' lang='lat'>—</span> <span class='ocrx_word' id='word_1_178' title='bbox 1209 3647 1253 3701; x_wconf 79' lang='lat' dir='ltr'>(ll.</span> <span class='ocrx_word' id='word_1_179' title='bbox 1274 3648 1346 3702; x_wconf 88' lang='lat' dir='ltr'>Hor.</span> <span class='ocrx_word' id='word_1_180' title='bbox 1364 3646 1415 3713; x_wconf 84' lang='lat' dir='ltr'>Ep.</span> 
     </span>
     <span class='ocr_line' id='line_1_27' title="bbox 394 3729 1415 3800; baseline -0.003 -15"><span class='ocrx_word' id='word_1_181' title='bbox 394 3732 419 3785; x_wconf 94' lang='grc' dir='ltr'><strong>Ι.</strong></span> <span class='ocrx_word' id='word_1_182' title='bbox 439 3730 466 3799; x_wconf 98' lang='grc'>5,</span> <span class='ocrx_word' id='word_1_183' title='bbox 482 3730 500 3783; x_wconf 81' lang='grc'><strong>9</strong></span> <span class='ocrx_word' id='word_1_184' title='bbox 515 3731 578 3785; x_wconf 83' lang='lat' dir='ltr'>Noc</span> <span class='ocrx_word' id='word_1_185' title='bbox 588 3731 706 3785; x_wconf 89' lang='lat' dir='ltr'>modica</span> <span class='ocrx_word' id='word_1_186' title='bbox 721 3746 837 3785; x_wconf 72' lang='lat' dir='ltr'>canore</span> <span class='ocrx_word' id='word_1_187' title='bbox 855 3729 940 3784; x_wconf 81' lang='lat' dir='ltr'>times</span> <span class='ocrx_word' id='word_1_188' title='bbox 956 3733 1022 3786; x_wconf 91' lang='lat' dir='ltr'>olus</span> <span class='ocrx_word' id='word_1_189' title='bbox 1037 3746 1126 3787; x_wconf 88' lang='lat' dir='ltr'>omne</span> <span class='ocrx_word' id='word_1_190' title='bbox 1141 3733 1263 3800; x_wconf 86' lang='lat' dir='ltr'>patella.</span> <span class='ocrx_word' id='word_1_191' title='bbox 1285 3763 1319 3772; x_wconf 89' lang='lat'>—</span> <span class='ocrx_word' id='word_1_192' title='bbox 1334 3731 1415 3786; x_wconf 90' lang='lat' dir='ltr'>Ovid.</span> 
     </span>
     <span class='ocr_line' id='line_1_28' title="bbox 393 3812 956 3883; baseline -0.004 -15"><span class='ocrx_word' id='word_1_193' title='bbox 393 3815 481 3868; x_wconf 88' lang='lat' dir='ltr'>Pont.</span> <span class='ocrx_word' id='word_1_194' title='bbox 501 3812 528 3883; x_wconf 87' lang='lat'>3,</span> <span class='ocrx_word' id='word_1_195' title='bbox 544 3813 571 3881; x_wconf 91' lang='grc'>1,</span> <span class='ocrx_word' id='word_1_196' title='bbox 592 3812 641 3866; x_wconf 91' lang='grc'>119</span> <span class='ocrx_word' id='word_1_197' title='bbox 656 3813 727 3880; x_wconf 90' lang='lat' dir='ltr'>quid</span> <span class='ocrx_word' id='word_1_198' title='bbox 743 3812 830 3865; x_wconf 84' lang='lat' dir='ltr'>odire</span> <span class='ocrx_word' id='word_1_199' title='bbox 847 3812 956 3866; x_wconf 71' lang='lat' dir='ltr'>times?</span> 
     </span>
    </p>

    <p class='ocr_par' dir='ltr' id='par_1_16' title="bbox 430 3895 1066 3969">
     <span class='ocr_line' id='line_1_29' title="bbox 430 3895 1066 3969; baseline 0.002 -19"><span class='ocrx_word' id='word_1_200' title='bbox 430 3898 469 3966; x_wconf 93' lang='grc'><strong>(4)</strong></span> <span class='ocrx_word' id='word_1_201' title='bbox 489 3899 534 3953; x_wconf 80' lang='lat' dir='ltr'>dl.</span> <span class='ocrx_word' id='word_1_202' title='bbox 552 3898 683 3965; x_wconf 83' lang='lat' dir='ltr'>Madvig.</span> <span class='ocrx_word' id='word_1_203' title='bbox 703 3895 730 3969; x_wconf 66' lang='lat'>5.</span> <span class='ocrx_word' id='word_1_204' title='bbox 749 3897 815 3951; x_wconf 87' lang='grc'><strong>390.</strong></span> <span class='ocrx_word' id='word_1_205' title='bbox 1058 3948 1066 3965; x_wconf 75' lang='grc'><strong>,</strong></span> 
     </span>
    </p>

    <p class='ocr_par' dir='ltr' id='par_1_17' title="bbox 398 3983 1221 4053">
     <span class='ocr_line' id='line_1_30' title="bbox 398 3983 1221 4053; baseline 0.009 -19"><span class='ocrx_word' id='word_1_206' title='bbox 398 4028 400 4034; x_wconf 57' lang='grc'><strong>.</strong></span> <span class='ocrx_word' id='word_1_207' title='bbox 430 3986 469 4053; x_wconf 90' lang='grc'><strong>(5)</strong></span> <span class='ocrx_word' id='word_1_208' title='bbox 490 3986 553 4038; x_wconf 84' lang='lat' dir='ltr'>Sat.</span> <span class='ocrx_word' id='word_1_209' title='bbox 572 3984 598 4038; x_wconf 91' lang='grc' dir='ltr'>Ι.</span> <span class='ocrx_word' id='word_1_210' title='bbox 616 3983 644 4052; x_wconf 89' lang='grc'><strong>4,</strong></span> <span class='ocrx_word' id='word_1_211' title='bbox 664 3985 709 4037; x_wconf 76' lang='lat' dir='ltr'>lat</span> <span class='ocrx_word' id='word_1_212' title='bbox 729 3984 796 4038; x_wconf 84' lang='lat' dir='ltr'>Sive</span> <span class='ocrx_word' id='word_1_213' title='bbox 806 3983 929 4050; x_wconf 81' lang='lat' dir='ltr'>jubebat</span> <span class='ocrx_word' id='word_1_214' title='bbox 942 3988 978 4037; x_wconf 83' lang='lat' dir='ltr'>ut</span> <span class='ocrx_word' id='word_1_215' title='bbox 991 3985 1122 4052; x_wconf 75' lang='lat' dir='ltr'>facerent</span> <span class='ocrx_word' id='word_1_216' title='bbox 1136 3986 1221 4053; x_wconf 88' lang='lat' dir='ltr'>quid.</span> 
     </span>
    </p>

    <p class='ocr_par' dir='ltr' id='par_1_18' title="bbox 430 4065 1094 4137">
     <span class='ocr_line' id='line_1_31' title="bbox 430 4065 1094 4137; baseline -0.003 -14"><span class='ocrx_word' id='word_1_217' title='bbox 430 4069 469 4136; x_wconf 87' lang='grc'><strong>(6)</strong></span> <span class='ocrx_word' id='word_1_218' title='bbox 489 4069 551 4122; x_wconf 88' lang='lat' dir='ltr'>Eoi.</span> <span class='ocrx_word' id='word_1_219' title='bbox 571 4066 597 4137; x_wconf 85' lang='lat'>5,</span> <span class='ocrx_word' id='word_1_220' title='bbox 613 4067 649 4119; x_wconf 90' lang='grc'>15</span> <span class='ocrx_word' id='word_1_221' title='bbox 659 4065 765 4133; x_wconf 84' lang='lat' dir='ltr'>jubebo</span> <span class='ocrx_word' id='word_1_222' title='bbox 780 4070 815 4118; x_wconf 84' lang='lat' dir='ltr'>ut</span> <span class='ocrx_word' id='word_1_223' title='bbox 830 4070 924 4119; x_wconf 81' lang='lat' dir='ltr'>certet</span> <span class='ocrx_word' id='word_1_224' title='bbox 937 4069 1094 4136; x_wconf 84' lang='lat' dir='ltr'>Amyntas.</span> 
     </span>
    </p>
   </div>
   <div class='ocr_carea' id='block_1_14' title="bbox 311 4150 1419 4222">
    <p class='ocr_par' dir='ltr' id='par_1_19' title="bbox 311 4150 1419 4222">
     <span class='ocr_line' id='line_1_32' title="bbox 311 4150 1419 4222; baseline -0.005 -15"><span class='ocrx_word' id='word_1_225' title='bbox 311 4164 316 4173; x_wconf 76' lang='grc'><em>“</em></span> <span class='ocrx_word' id='word_1_226' title='bbox 430 4154 469 4222; x_wconf 92' lang='grc'><strong>(7)</strong></span> <span class='ocrx_word' id='word_1_227' title='bbox 484 4154 525 4207; x_wconf 92' lang='grc' dir='ltr'><strong>Μ.</strong></span> <span class='ocrx_word' id='word_1_228' title='bbox 544 4152 571 4222; x_wconf 89' lang='grc'><strong>4,</strong></span> <span class='ocrx_word' id='word_1_229' title='bbox 597 4152 646 4205; x_wconf 95' lang='grc'>111</span> <span class='ocrx_word' id='word_1_230' title='bbox 668 4150 746 4218; x_wconf 78' lang='lat' dir='ltr'>jussi</span> <span class='ocrx_word' id='word_1_231' title='bbox 771 4155 859 4205; x_wconf 83' lang='lat' dir='ltr'>nocte</span> <span class='ocrx_word' id='word_1_232' title='bbox 883 4150 1012 4205; x_wconf 74' lang='lat' dir='ltr'>venires.</span> <span class='ocrx_word' id='word_1_233' title='bbox 1040 4152 1067 4221; x_wconf 91' lang='grc'>8,</span> <span class='ocrx_word' id='word_1_234' title='bbox 1093 4151 1145 4207; x_wconf 73' lang='lat'>792</span> <span class='ocrx_word' id='word_1_235' title='bbox 1160 4167 1194 4207; x_wconf 91' lang='lat' dir='ltr'>se</span> <span class='ocrx_word' id='word_1_236' title='bbox 1210 4153 1239 4206; x_wconf 94' lang='lat' dir='ltr'>in</span> <span class='ocrx_word' id='word_1_237' title='bbox 1259 4152 1419 4221; x_wconf 84' lang='lat' dir='ltr'>praecordia</span> 
     </span>
    </p>
   </div>
   <div class='ocr_carea' id='block_1_15' title="bbox 394 4232 1414 4391">
    <p class='ocr_par' dir='ltr' id='par_1_20' title="bbox 394 4232 1414 4391">
     <span class='ocr_line' id='line_1_33' title="bbox 394 4232 1414 4304; baseline -0.003 -15"><span class='ocrx_word' id='word_1_238' title='bbox 394 4234 595 4303; x_wconf 79' lang='lat' dir='ltr'>condat-jube.</span> <span class='ocrx_word' id='word_1_239' title='bbox 615 4236 661 4304; x_wconf 91' lang='grc'>11,</span> <span class='ocrx_word' id='word_1_240' title='bbox 678 4234 729 4287; x_wconf 92' lang='grc'>587</span> <span class='ocrx_word' id='word_1_241' title='bbox 740 4232 812 4300; x_wconf 84' lang='lat' dir='ltr'>jube</span> <span class='ocrx_word' id='word_1_242' title='bbox 837 4234 942 4302; x_wconf 86' lang='lat' dir='ltr'>Ceycis</span> <span class='ocrx_word' id='word_1_243' title='bbox 962 4236 1092 4302; x_wconf 80' lang='lat' dir='ltr'>imagine</span> <span class='ocrx_word' id='word_1_244' title='bbox 1106 4234 1212 4288; x_wconf 84' lang='lat' dir='ltr'>mittat</span> <span class='ocrx_word' id='word_1_245' title='bbox 1227 4238 1355 4291; x_wconf 88' lang='lat' dir='ltr'>somnia.</span> <span class='ocrx_word' id='word_1_246' title='bbox 1374 4234 1414 4289; x_wconf 86' lang='lat' dir='ltr'>Cl.</span> 
     </span>
     <span class='ocr_line' id='line_1_34' title="bbox 394 4319 1287 4391; baseline 0.002 -15"><span class='ocrx_word' id='word_1_247' title='bbox 394 4324 462 4377; x_wconf 82' lang='lat' dir='ltr'>nvn.</span> <span class='ocrx_word' id='word_1_248' title='bbox 483 4322 510 4376; x_wconf 91' lang='grc'><strong>1.</strong></span> <span class='ocrx_word' id='word_1_249' title='bbox 524 4321 552 4391; x_wconf 93' lang='grc'><strong>4,</strong></span> <span class='ocrx_word' id='word_1_250' title='bbox 568 4321 621 4390; x_wconf 80' lang='grc'>99;</span> <span class='ocrx_word' id='word_1_251' title='bbox 638 4320 682 4390; x_wconf 93' lang='grc'>11,</span> <span class='ocrx_word' id='word_1_252' title='bbox 699 4319 753 4389; x_wconf 72' lang='grc'>19,</span> <span class='ocrx_word' id='word_1_253' title='bbox 768 4321 834 4373; x_wconf 84' lang='lat' dir='ltr'>nrt.</span> <span class='ocrx_word' id='word_1_254' title='bbox 854 4321 922 4373; x_wconf 76' lang='lat' dir='ltr'>Ant.</span> <span class='ocrx_word' id='word_1_255' title='bbox 942 4321 967 4373; x_wconf 94' lang='grc' dir='ltr'><strong>Ι.</strong></span> <span class='ocrx_word' id='word_1_256' title='bbox 987 4320 1058 4391; x_wconf 79' lang='grc'><strong>507;</strong></span> <span class='ocrx_word' id='word_1_257' title='bbox 1074 4323 1157 4381; x_wconf 86' lang='lat' dir='ltr'>Fast.</span> <span class='ocrx_word' id='word_1_258' title='bbox 1175 4322 1203 4391; x_wconf 90' lang='grc'><strong>4,</strong></span> <span class='ocrx_word' id='word_1_259' title='bbox 1221 4322 1287 4378; x_wconf 77' lang='grc'><strong>951.</strong></span> 
     </span>
    </p>
   </div>
   <div class='ocr_carea' id='block_1_16' title="bbox 0 0 1572 5100">
    <p class='ocr_par' dir='ltr' id='par_1_21' title="bbox 0 0 1572 5100">
     <span class='ocr_line' id='line_1_35' title="bbox 0 0 1572 5100; baseline 0 0"><span class='ocrx_word' id='word_1_260' title='bbox 0 0 1572 5100; x_wconf 95' lang='lat' dir='ltr'> </span> 
     </span>
    </p>
   </div>
  </div>
 </body>
</html>
