3134 5100
827 599 988 662 ηρ..

433 765 534 832 Adde
551 764 645 850 quod
662 763 724 833 ubi
735 763 872 833 sinceri
885 763 1067 833 sermonis
1082 762 1228 848 legibus
1242 764 1417 831 Phaedrus

390 879 556 966 inservit,
572 881 625 949 ibi
640 899 904 967 nonnunquam
920 880 1083 966 aequales
1098 878 1320 946 infinitivum
1334 897 1416 946 mo-

389 993 475 1059 dum
490 991 711 1060 insolentius
727 994 1008 1079 usurpantNon
1025 991 1136 1077 enim,
1149 996 1189 1058 ut
1200 989 1350 1060 Ovidius
1358 990 1417 1079 (4).

389 1105 611 1174 infinitivum
640 1126 722 1174 cum
746 1106 857 1173 verbo
884 1123 1031 1174 «orare
1054 1128 1092 1191 r,
1116 1106 1200 1190 sed,
1225 1111 1265 1172 ut
1292 1103 1418 1192 optimi

389 1221 600 1309 scriptores,
611 1219 882 1305 subJunctivum
894 1220 1039 1286 modum
1052 1239 1134 1288 cum
1148 1223 1241 1286 «ut»
1252 1217 1416 1286 adhibet:

496 1374 526 1428 4.
546 1372 590 1442 40,
607 1371 624 1427 5
640 1372 697 1428 Oro
711 1375 746 1426 ut
756 1403 790 1411 —
801 1372 851 1426 des
865 1373 997 1427 veniant.

390 1510 484 1592 Non,
502 1507 598 1577 sicut
611 1507 776 1577 Tibullus
792 1507 839 1596 (2)
855 1514 891 1576 et
907 1506 1119 1595 Propertius
1135 1507 1195 1597 (3),
1212 1527 1294 1575 cum
1308 1509 1420 1576 verbo

391 1623 586 1691 «timere»
603 1621 840 1706 infinitivum,
850 1624 913 1690 sed
930 1642 1012 1690 cum
1029 1645 1048 1688 «
1063 1642 1109 1691 ne
1125 1644 1144 1688 s
1160 1621 1420 1709 conjunctione

389 1735 660 1822 subjunctivum
676 1737 823 1803 modum
839 1753 847 1803 :

494 1888 525 1943 4.
545 1887 590 1957 18,
607 1887 642 1943 48
660 1886 808 1941 Timentes
823 1889 934 1956 aliquid
948 1904 986 1942 nc
1002 1888 1099 1944 simile
1114 1888 1239 1944 accidet.

434 2113 462 2200 β)
485 2113 562 2182 Etsi
584 2134 667 2182 cum
685 2115 798 2182 verbo
822 2115 988 2199 «jubere
1011 2137 1030 2180 »
1053 2115 1180 2183 Cicero
1202 2115 1281 2202 ipse
1306 2118 1421 2184 semel

389 2232 497 2312 atque
520 2225 653 2294 iterum
677 2225 948 2312 subjunctivum
973 2228 1119 2295 modum
1145 2227 1364 2313 construxit,
1385 2229 1421 2296 id

389 2337 508 2406 nihilo
523 2337 644 2406 minus
657 2339 998 2425 reprehendendum
1012 2359 1093 2407 esse
1104 2339 1350 2425 judicaverim
1361 2341 1420 2429 (4).

389 2456 516 2540 Itaque
532 2471 575 2520 ea
592 2473 630 2520 re
652 2453 858 2520 laudandus
880 2458 936 2520 est
958 2455 1135 2522 Phaedrus
1158 2455 1253 2540 quod
1277 2473 1367 2539 non,
1386 2461 1424 2521 ut

389 2565 562 2635 Horatius
592 2565 656 2654 (5),
681 2564 865 2649 Virgilius
894 2565 960 2653 (6),
991 2566 1141 2635 Ovidius
1163 2568 1223 2655 (7),
1250 2566 1423 2635 vitiosam

389 2677 646 2746 illamdicendi
656 2677 836 2746 rationem
846 2678 1005 2763 admisit,
1017 2680 1080 2747 sed
1090 2682 1289 2748 secundum
1300 2700 1424 2766 gram-

390 2794 533 2862 maticae
548 2797 651 2880 leges
667 2794 889 2863 infinitivum
904 2814 985 2863 cum
998 2795 1206 2885 accusativo
1219 2815 1307 2864 casu
1323 2816 1424 2865 sem-

389 2927 454 2995 per
469 2906 637 2977 adhibuit
654 2925 662 2971 :

425 3061 450 3114 Ι.
473 3060 514 3130 44,
540 3060 575 3114 tu
589 3058 810 3127 Asinum-jubet
834 3075 940 3117 vocem
960 3077 1114 3131 premere.
1134 3091 1168 3103 -
1193 3063 1237 3133 14,
1258 3061 1277 3118 9
1296 3062 1423 3118 Ebiberc

390 3232 430 3238 -—
1330 3236 1419 3243 ξ..-

425 3312 465 3380 (4)
480 3313 521 3366 Μ.
540 3311 566 3380 6,
588 3311 642 3365 443
667 3311 820 3379 urbesque
844 3312 1022 3382 propinquae
1047 3312 1241 3367 oravere-ire.
1266 3314 1310 3369 Gt.
1333 3315 1420 3384 Virg.

389 3395 452 3449 Ecl.
470 3396 497 3463 ⁶2,
513 3395 549 3448 43
564 3410 582 3448 a
596 3410 645 3449 me
661 3396 726 3449 illos
742 3395 981 3449 abducere-orat.
1000 3396 1068 3451 AEn.
1085 3396 1113 3466 6,
1129 3396 1182 3451 343
1198 3397 1324 3451 Orontes
1333 3400 1422 3467 primi

391 3474 596 3528 transmittere
612 3490 747 3529 cursum.

424 3560 463 3628 (2)
479 3560 505 3613 I.
523 3559 551 3628 4,
567 3559 599 3612 at
616 3560 679 3615 Nec
688 3558 799 3627 jurare
816 3558 900 3613 time.

425 3644 464 3713 (3)
480 3644 505 3697 Ι.
525 3642 570 3713 44,
585 3643 621 3697 40
636 3658 693 3697 nec
710 3642 796 3696 timet
811 3643 1041 3698 oswino-subire
1056 3650 1134 3700 toro.
1155 3676 1188 3685 -
1205 3647 1249 3702 Gt.
1268 3647 1341 3702 Hor.
1361 3648 1418 3715 Ep.

388 3731 413 3784 I.
434 3729 460 3797 5,
477 3728 572 3783 ‘lNec
582 3729 701 3782 modica
716 3744 831 3783 caenarc
849 3728 935 3782 times
950 3731 1016 3784 olus
1032 3744 1121 3786 omne
1136 3732 1258 3799 patella.
1279 3762 1313 3771 —
1328 3731 1418 3787 Ovid.

388 3814 475 3868 Pont.
495 3811 522 3881 3,
539 3810 565 3879 4,
586 3810 635 3864 449
650 3811 721 3878 quid
738 3810 824 3863 adire
842 3810 951 3865 times?

424 3897 463 3965 (4)
484 3898 528 3951 Cf.
547 3896 678 3963 Madvig.
698 3893 724 3967 j.
743 3895 810 3950 399.
1053 3948 1061 3965 ,

393 4027 395 4033 ,
424 3985 463 4052 (5)
483 3985 547 4037 Sat.
567 3983 592 4036 Ι.
611 3981 638 4050 4,
659 3984 703 4035 121
723 3982 791 4037 Sive
801 3981 924 4049 jubebat
937 3987 971 4036 ut
985 3983 1117 4052 facerem
1131 3986 1215 4053 quid.

424 4068 463 4135 (9)
483 4068 545 4121 Ecl.
565 4065 591 4134 5,
608 4066 643 4118 45
653 4063 759 4132 jubebo
774 4069 809 4117 ut
824 4069 917 4118 certet
932 4068 1089 4136 Amyntas·

306 4162 311 4171 ¹
423 4154 463 4221 (7)
478 4153 519 4205 Μ.
538 4151 566 4219 4,
591 4150 640 4203 444
663 4148 741 4217 jussi
765 4153 854 4205 nocte
878 4149 1006 4205 uenires.
1035 4152 1062 4221 8,
1087 4151 1233 4207 toassin
1253 4153 1422 4219 praecordiu

388 4234 590 4302 condat-jube.
609 4234 655 4302 44,
672 4231 724 4286 587
734 4231 806 4299 jube
831 4233 936 4301 Ceycis
956 4235 1086 4301 imagine
1101 4234 1205 4288 mittut
1221 4236 1351 4290 somnia.
1370 4237 1416 4291 Cf.

387 4323 456 4374 hm.
476 4321 503 4375 4.
518 4320 546 4389 4,
562 4319 615 4388 29,
632 4319 677 4388 44,
694 4318 748 4388 49,
763 4320 828 4371 Art.
848 4320 916 4372 Ant.
936 4320 962 4373 Ι.
982 4319 1052 4390 597,
1069 4322 1151 4380 Fast.
1170 4322 1197 4390 4,
1215 4321 1280 4377 954.
