3134 5100
607 537 748 596 ,9-

157 698 1192 786 variacollocatvocabulu‚sedexindustriaconsilioque

160 813 331 900 disponit.
350 815 489 900 Nempe
506 813 593 880 huic
607 813 718 880 verbo
733 833 752 877 ‹<
767 814 936 879 clamor»
953 814 1046 894 haec,
1060 813 1192 899 quibus

158 930 361 1015 procrescit
387 930 504 997 oratio
527 952 544 994 «
568 930 782 1012 convicium,
804 930 949 1011 querela
972 951 990 994 »
1013 927 1059 1016 (l)
1081 929 1192 1016 paulo

157 1050 240 1130 post
260 1045 463 1130 subjungit.
486 1045 579 1112 Huic
600 1044 710 1111 etiam
724 1045 837 1111 verbo
859 1065 878 1108 ‹<
901 1063 1032 1128 copore
1055 1045 1189 1129 villae,

158 1178 314 1245 quarum
340 1159 396 1226 vis
430 1159 646 1228 felicissima
679 1158 896 1242 gradatione
929 1159 1048 1244 magis
1082 1165 1190 1246 atque

160 1271 282 1356 magis
297 1278 464 1356 augetur,
482 1271 670 1340 substituit
683 1269 888 1340 locutiones
905 1292 924 1335 «
938 1290 1063 1355 preces
1074 1274 1193 1339 admo

160 1405 256 1468 cere,
273 1405 436 1470 emovere,
452 1389 618 1471 stupuere
641 1408 660 1451 »
678 1384 737 1473 (2).

203 1501 331 1586 Dignae
361 1501 508 1588 quidem
528 1504 613 1568 suut
638 1521 720 1587 quae
748 1507 998 1568 memorentur
1023 1501 1114 1586 illae,
1146 1504 1191 1569 de

158 1617 290 1703 quibus
319 1616 490 1698 diximus,
522 1615 719 1702 eloquendi
747 1615 902 1683 virtutes
918 1636 928 1700 ;
959 1619 1023 1684 sed
1052 1617 1092 1684 in
1121 1620 1190 1687 boc

155 1731 343 1819 praecipue
373 1733 577 1798 laudandus
604 1750 684 1798 esse
715 1730 806 1797 mihi
830 1733 1008 1798 Phaedrus
1031 1733 1189 1816 videtur,

151 1844 254 1936 'quod
270 1869 314 1916 ea
331 1853 439 1917 aetate
454 1849 581 1916 vivens
599 1868 670 1934 qua
686 1847 805 1932 magis
820 1848 1011 1934 magisque
1027 1849 1066 1915 iu
1082 1850 1189 1916 dete-

155 1963 234 2031 rius
261 1963 492 2031 inclinabant
522 1963 657 2031 litterae
687 1968 735 2044 et,
766 1982 837 2052 quo
865 1962 984 2047 magis
1013 1965 1190 2031 arcessita

159 2084 237 2148 erat
259 2079 385 2164 dictio,
412 2098 455 2146 eo
478 2079 649 2146 meliores
670 2097 751 2146 esse
772 2078 969 2164 scriptores
992 2079 1063 2147 sibi
1081 2079 1188 2147 vide-

158 2197 304 2281 bantur,
334 2195 414 2282 ipse
441 2215 479 2262 se
504 2197 549 2264 ab
575 2195 674 2262 omui
697 2194 844 2263 dicendi
871 2195 1049 2280 pravitate
1075 2195 1190 2263 tuitus

157 2314 214 2376 est
236 2327 277 2375 ac
298 2312 460 2375 veterem
482 2307 584 2374 illam
613 2286 810 2393 eloquendi
834 2305 1029 2373 sanitatem
1054 2307 1190 2394 ubique

157 2421 323 2489 retinuit.
354 2423 467 2490 Debet
494 2421 591 2488 enim
620 2421 659 2487 in
689 2421 902 2488 memoriam
925 2421 996 2490 sihi
1017 2441 1189 2489 revocare

156 2536 221 2623 qui
238 2540 377 2605 rectum
392 2539 436 2604 de
450 2536 598 2605 Phaedri
614 2535 779 2605 oratioue
794 2537 872 2604 vult
885 2537 981 2605 ferre
992 2536 1189 2623 Judicium,

157 2656 246 2736 quot
274 2655 310 2716 et
338 2670 447 2735 quam
476 2648 670 2718 ambitiosa
708 2652 752 2717 ab
791 2651 997 2735 aequalibus
1032 2653 1189 2719 Phaedro

156 2762 397 2848 scriptoribus
416 2782 679 2848 nonuunquam
695 2762 855 2831 admissa
868 2763 1017 2831 fuerint.
1030 2767 1131 2842 Quod
1143 2767 1188 2832 ad

155 2880 419 2946 declarandum
446 2878 635 2946 nonnullis
665 2879 842 2966 exemplis
871 2898 962 2966 opus
998 2886 1065 2947 est.
1100 2882 1190 2948 Vult

152 2994 323 3079 Vellejus
338 2996 553 3062 Paterculus
568 2988 843 3081 comparatione
862 2995 986 3081 aliqua
1002 2994 1188 3081 explicare
1239 3013 1242 3021 ⁴

155 3129 178 3172 «
206 3108 502 3191 quemadmodum
534 3109 810 3176 eminentissimo
842 3115 1011 3192 cujusque
1041 3112 1189 3194 profes-

152 3222 263 3288 sionis
281 3222 424 3305 inpentu
444 3224 483 3289 in
498 3223 658 3289 eumdem
671 3224 830 3306 sormam
846 3226 882 3289 et
896 3224 935 3289 in
948 3224 1043 3289 idem
1057 3224 1191 3289 arctati

154 3336 325 3419 temporis
336 3340 535 3418 conpruuut
548 3336 703 3419 spolium
718 3357 736 3400 ›>
753 3338 766 3402 t
784 3335 886 3404 Nihil
903 3335 1018 3403 satius
1034 3335 1068 3401 ei
1083 3334 1188 3403 vide-

152 3454 217 3515 tur
238 3467 346 3534 quam
366 3447 488 3515 dicere
511 3470 530 3513 <‹
545 3450 665 3514 clausu
684 3467 784 3532 capso
802 3449 915 3515 uliocc
928 3452 1036 3533 sorpto
1054 3449 1188 3515 diversi

148 3562 297 3647 pencris
324 3562 497 3627 oblocutio
524 3561 637 3627 bibile
665 3562 783 3627 miuus
810 3565 976 3645 separatu
997 3561 1122 3627 alicnis
1149 3562 1187 3627 iu

150 3694 569 3760 unumquccquccorpus
583 3677 829 3759 concrepari»
847 3675 893 3764 (3)
912 3694 920 3743 :
939 3695 1021 3760 quae
1036 3694 1185 3762 compa-

150 3789 251 3868 ratio
271 3787 417 3875 pravior
436 3788 485 3856 sit
504 3808 550 3857 au
570 3777 776 3874 obscenior,
798 3788 967 3874 equidem
986 3807 1061 3856 non
1076 3786 1183 3856 dixe-

150 3999 189 4007 ...-

191 4104 231 4173 (l)
250 4105 273 4159 I.
288 4103 315 4173 6,
331 4102 389 4158 4-6.

190 4191 231 4259 (2)
249 4192 273 4246 I.
293 4190 337 4260 lo,
354 4190 381 4243 3.
396 4188 423 4243 6.
439 4189 469 4245 8.
812 4230 815 4235 .

191 4275 231 4344 (3)
250 4272 325 4329 ΙΛθ
340 4274 445 4341 (edidit
459 4274 523 4329 Cur.
540 4274 635 4329 Halm.
653 4272 762 4343 Lipsiae
776 4271 868 4341 1876).
894 4313 899 4320 .
938 4313 941 4321 .
