3134 5100
787 523 950 586 -16—'

350 687 460 757 etiam
477 708 560 777 quae
580 708 724 775 narras
746 694 786 758 ut
805 690 858 758 ita
876 689 1009 776 dicam,
1035 695 1119 759 ante
1140 692 1265 760 oculos
1287 709 1376 778 pro-

350 822 487 891 ponere
519 824 526 873 :
558 810 713 892 oportet,
746 805 910 893 inquam,
940 807 1120 894 depingas
1150 807 1378 893 quomodoe

350 919 462 1003 longo
471 923 617 1005 torpore
633 918 817 986 excitatus
824 938 976 1006 serpens
991 926 1101 1007 caput
1116 919 1291 1006 paulatim
1310 918 1378 986 eri-

350 1037 425 1117 gat,
443 1030 590 1116 sibilet3
614 1037 690 1098 tum
706 1050 745 1098 se
761 1031 946 1117 revolvat3
967 1032 1113 1115 deinde,
1137 1032 1193 1100 ira
1208 1051 1291 1100 cum
1305 1031 1378 1099 vita

349 1145 538 1228 redeunte,
556 1144 595 1211 in
610 1143 796 1212 hominem
811 1144 956 1211 insilire
972 1145 1111 1212 nitatur
1126 1145 1185 1232 (1).

393 1257 519 1336 Qualis
554 1257 592 1324 in
624 1258 809 1324 narrando
844 1258 1158 1344 describendoque
1187 1259 1377 1343 Phaedrus,

348 1371 434 1440 talis
450 1376 505 1439 est
521 1370 559 1438 in
575 1370 781 1457 eloquendo
799 1388 807 1438 :
829 1389 960 1456 nempe
976 1375 1016 1438 ut
1030 1390 1074 1438 ea
1089 1376 1209 1438 mente
1226 1376 1327 1439 caret
1341 1377 1381 1438 ut

349 1503 422 1567 rea,
439 1503 530 1570 quas
546 1489 684 1568 narrat,
707 1483 787 1569 ipse
810 1482 881 1552 sibi
898 1484 1019 1568 lingat
1038 1490 1075 1551 et
1090 1485 1218 1569 quales
1233 1485 1380 1552 finxerit

349 1603 433 1665 ante
455 1598 659 1683 legentium
681 1597 808 1664 oculos
828 1596 1025 1683 subjiciat:
1048 1597 1102 1666 sic
1119 1618 1222 1666 acres
1240 1598 1324 1666 illas
1345 1604 1380 1666 et

347 1713 488 1780 vividas
515 1731 624 1780 voces
654 1731 728 1780 non
764 1711 914 1798 reperit,
953 1731 1036 1797 quae
1064 1731 1138 1779 non
1167 1713 1274 1780 modo
1303 1732 1379 1779 rem

348 1831 515 1916 legentes
541 1831 685 1912 docent,
717 1831 780 1897 sed
808 1829 919 1897 etiam
944 1829 1049 1916 quasi
1078 1829 1294 1916 depingunt.
1326 1833 1379 1896 Ita

349 1947 448 2015 enim
463 1945 563 2014 omni
578 1946 701 2015 colore
715 1966 757 2014 ac
770 1947 909 2014 lumine
924 1947 1011 2015 orba
1022 1950 1077 2014 est
1088 1946 1234 2015 Phaedri
1249 1946 1377 2028 oratio,

349 2061 463 2128 utrix
485 2081 596 2128 unum
613 2066 677 2128 aut
691 2062 846 2128 alterum
861 2062 1093 2145 vocabulum,
1113 2061 1208 2147 quod
1229 2067 1379 2128 senten-

349 2175 437 2242 tiam
453 2177 588 2260 figuret
602 2180 710 2260 atque
727 2174 902 2258 illustret,
923 2174 961 2241 in
979 2173 1139 2261 quinque
1155 2172 1258 2246 illius
1272 2172 1377 2242 libris

348 2289 525 2377 reperias.
548 2288 605 2357 Sic
626 2307 805 2356 summam
822 2307 955 2375 aquam
976 2288 1241 2374 «lympharum
1255 2308 1379 2373 specu-

348 2405 462 2470 lum»
487 2402 534 2491 (2)
569 2401 729 2469 feliciter
759 2401 920 2487 appellat
935 2421 945 2485 ;
983 2400 1177 2468 testudinis
1206 2401 1378 2469 corticem

348 2536 367 2581 r
396 2533 561 2583 corneum
592 2515 736 2583 doulam
762 2536 781 2579 »
809 2513 855 2601 (3)
884 2512 1050 2582 nominat
1065 2533 1075 2598 3
1113 2512 1190 2581 suis
1219 2514 1376 2601 denique

347 2632 476 2697 dentes
505 2628 667 2715 epitheto
700 2628 883 2713 designat,
914 2628 973 2695 cui
1002 2627 1179 2717 miraris
1212 2627 1309 2696 inest
1343 2635 1379 2695 et

348 2744 559 2831 elegantia:

455 2901 468 2933 a
488 2884 568 2950 Aper
582 2880 738 2950 fulmineis
753 2882 792 2936 ad
809 2896 878 2937 eum
893 2883 976 2937 venit
990 2882 1142 2937 dentibus.
1160 2898 1174 2934 r

1074 2980 1096 3035 I.
1112 2980 1157 3050 21,
1173 2979 1199 3035 5.

391 3112 629 3181 Paucissimae
655 3130 743 3180 vero
771 3116 856 3179 sunt
884 3101 1049 3195 egregiae
1078 3110 1155 3178 illae
1182 3112 1375 3179 verborum

346 3226 621 3309 translationes,
638 3226 856 3311 magnisque
871 3224 1077 3291 intervallis
1092 3231 1281 3311 apparent.

390 3344 473 3410 Non
488 3342 594 3428 plura
610 3345 694 3407 sunt
709 3340 775 3407 illa
786 3340 897 3407 verba
913 3358 1009 3425 quae,
1026 3338 1112 3425 quia
1127 3344 1245 3425 poetae
1261 3339 1375 3425 potis-

346 3456 478 3524 simum
504 3455 698 3540 adhibent,
723 3454 867 3542 poetica
887 3453 1048 3521 solemus
1070 3454 1274 3522 nominare.
1299 3458 1374 3521 Imo

345 3572 420 3638 hoc.
435 3571 619 3639 affirmare
640 3569 698 3636 vir
714 3569 909 3651 litteratus,
924 3569 988 3635 Ed.
1007 3569 1055 3635 du
1076 3567 1196 3653 Meril,
1213 3588 1286 3635 non
1303 3570 1372 3637 du-

382 3809 422 3879 (l)
440 3832 454 3860 «
467 3818 582 3861 L’animal
593 3817 710 3873 engourdi
723 3820 778 3861 sent
789 3816 803 3859 d
814 3816 886 3873 peine
896 3816 920 3859 lo
933 3815 1018 3869 obaud,

439 3886 490 3937 Que
502 3884 572 3929 l'dme
583 3886 619 3929 lui
629 3886 725 3929 revient
737 3897 844 3941 avecque
855 3884 880 3926 la
892 3883 980 3927 colere.

438 3954 458 3995 Il
470 3954 525 3998 leve
535 3966 567 3996 un
582 3966 628 4009 peu
640 3954 664 3996 la
676 3952 725 3997 tete
736 3957 760 3996 et
772 3952 827 4008 puis
842 3951 904 3995 siffle
917 3950 1035 4003 aussitdt3

439 4020 500 4063 Puis
510 4019 554 4063 fait
565 4032 597 4063 un
607 4020 667 4075 long
679 4019 750 4075 repli,
761 4019 817 4075 puis
826 4018 897 4061 tache
907 4019 921 4061 a
931 4017 992 4061 faire
1004 4031 1036 4061 un
1046 4022 1101 4061 aaut

437 4088 523 4131 Contra
534 4099 579 4130 son
588 4085 744 4139 bienfaiteur,
755 4098 799 4129 son
809 4097 914 4128 sauveur
921 4090 946 4129 et
955 4098 1000 4129 son
1007 4086 1073 4143 pere.
1082 4100 1096 4129 a
1107 4087 1141 4129 La
1149 4088 1219 4131 Font.
1228 4088 1250 4141 6,
1259 4087 1294 4131 13.
1315 4104 1318 4109 ·

381 4165 420 4234 (2)
439 4166 641 4236 Lympharum
655 4167 686 4219 in
701 4166 825 4235 speculo
838 4165 913 4218 vidit
926 4166 1119 4220 simulacrum
1134 4182 1231 4221 suurn.
1247 4168 1270 4222 I.
1285 4167 1312 4237 d,
1327 4166 1357 4221 3.

382 4250 421 4320 (3)
441 4252 514 4317 Quae
529 4266 598 4307 cum
614 4251 781 4307 abdidisset
796 4264 908 4307 cornea
922 4264 1033 4321 corpus
1048 4252 1147 4307 domo.
1163 4252 1190 4307 2.
1205 4252 1233 4323 6,
1249 4252 1276 4307 5.
