3134 5100
793 564 973 628 408-

436 725 464 782 4.
480 726 525 797 11,
542 726 558 780 7
578 727 644 795 Odi,
660 726 766 796 inquit,
782 726 865 782 illum
880 725 952 795 quia
965 725 1053 780 malis
1068 726 1180 780 ἄηιῑοῖιε
1195 728 1248 780 dot.

434 826 473 880 1.·
497 825 524 895 5,
544 822 560 878 7
579 824 708 893 Trepide
722 837 920 893 coneursans,
935 828 1084 894 oeeupata
1097 824 1130 877 tn
1144 824 1212 878 otto.

366 965 466 1032 Idem
481 961 520 1032 in
536 961 672 1033 fabulis
686 961 793 1031 novis
808 947 992 1030 occurrit:

437 1117 481 1189 14,
498 1119 515 1173 5
533 1119 672 1174 Moerens
687 1118 873 1187 propinquos
889 1074 1014 1172 eontulit
1028 1129 1063 1171 se
1077 1117 1110 1169 tn
1126 1115 1268 1170 bertillis.

410 1332 440 1416 β)
466 1332 608 1419 Ubique
630 1331 791 1418 quidem,
815 1331 878 1398 sed
902 1328 1132 1417 potissimum
1154 1330 1194 1398 in
1216 1331 1335 1418 primo
1357 1351 1398 1399 ao

367 1446 495 1534 quinto
520 1447 610 1533 pede
633 1446 812 1514 Phaedrus
840 1449 1068 1531 anapaestum
1090 1446 1266 1530 collocat3
1298 1465 1397 1512 nun-

367 1581 475 1648 quam
499 1580 587 1627 vero
609 1559 715 1627 binos
737 1557 930 1626 continuat
951 1560 1062 1645 pedes
1087 1560 1281 1644 eJusmodi.
1312 1563 1398 1636 Quae

367 1673 530 1739 metricae
551 1673 654 1756 leges
675 1671 727 1738 ita
750 1671 879 1738 sedulo
901 1669 939 1737 in
962 1670 1117 1755 triginta
1139 1670 1244 1738 novis
1266 1670 1400 1740 sabulis

367 1777 570 1855 observatae
593 1790 691 1869 sunt,
716 1785 814 1853 utin
834 1785 952 1872 primo
978 1787 1070 1872 pede
1086 1785 1133 1873 (1)
1155 1783 1400 1871 quadraginta

367 1901 471 1983 duos,
498 1899 537 1966 in
561 1898 688 1986 quinto
705 1898 751 1987 (2)
778 1898 913 1984 viginti
938 1897 1177 1996 quinque-in
1205 1896 1339 1964 ceteris
1354 1897 1399 1985 (3)

368 2018 489 2080 autem
511 2011 665 2098 pedibus
692 2031 756 2080 sex
777 2013 923 2080 demum
952 2015 1158 2099 anapaestos
1180 2009 1399 2094 invenerim,

368 2145 487 2212 neque
509 2143 667 2212 unquam
691 2123 768 2194 bini
796 2124 974 2213 anapaesti
996 2123 1278 2209 continui-mihi
1302 2105 1399 2192 obvii

367 2240 517 2310 inerint.

409 2442 443 2534 γ)
467 2443 801 2512 Proceleusmatico
817 2444 868 2533 (υ
879 2470 912 2505 υ
924 2470 956 2506 υ
968 2446 1020 2534 υ)
1042 2444 1160 2532 prima
1174 2447 1321 2513 demum
1336 2465 1399 2514 se-

369 2558 465 2626 narii
495 2561 601 2628 sedes
627 2568 871 2629 reservatur:
903 2581 1082 2648 nusquam
1108 2581 1195 2630 vero
1220 2562 1401 2648 ejusmodi

369 2678 498 2763 pedem
513 2675 552 2743 in
572 2674 707 2745 fabulis
723 2675 828 2745 novis
843 2676 977 2761 reperi.
1032 2686 1035 2689 ’

412 2888 441 2976 δ)
465 2888 559 2956 Huic
575 2888 629 2956 roi
642 2890 822 2959 Phaedrus
837 2889 1038 2975 diligenter
1053 2892 1187 2975 studet,
1202 2909 1248 2957 ne
1265 2891 1403 2957 tribra-

281 3060 283 3064 ,
368 3008 518 3075 eborum
534 3012 597 3075 aut
610 3026 739 3075 vocum
754 3007 795 3074 in
811 3006 1037 3075 tribrachum
1052 3006 1263 3075 exeuntium
1279 3014 1402 3093 partes

369 3122 586 3209 paenultima
605 3127 642 3189 et
664 3122 793 3190 ultima
817 3123 884 3191 sub
909 3121 1022 3190 ictum
1047 3121 1094 3190 sit
1120 3120 1368 3208 rhythmicum
1392 3138 1400 3189 :

370 3258 479 3325 quam
509 3228 629 3323 legem
658 3242 695 3305 et
723 3228 771 3305 in‘
786 3236 972 3307 veteribus
1001 3242 1037 3305 et
1066 3235 1105 3304 in
1135 3236 1238 3305 novis
1267 3228 1404 3306 fabulis

370 3372 512 3421 summa
527 3352 710 3438 religione
725 3335 955 3422 observatam
969 3352 1137 3421 videmus
1149 3352 1209 3440 (4).
1285 3407 1288 3412 4

371 3533 683 3539 ..ῤ’-*ω-
891 3533 1031 3539 -.—.—--.
1050 3534 1228 3539 ....--.--.-
1235 3532 1397 3539 --.,-...-

407 3623 446 3693 (1)
467 3622 542 3694 1,,3,
562 3622 591 3692 1,
607 3622 633 3677 5.
650 3621 683 3694 8,
704 3622 731 3693 3,
747 3623 781 3694 6,
802 3622 830 3693 4,
846 3623 873 3679 4.
889 3623 935 3678 15.
951 3622 1003 3695 13,
1023 3624 1051 3695 6,
1067 3623 1094 3680 4.
1110 3624 1137 3680 8.
1154 3624 1190 3694 9,
1211 3624 1239 3695 8,
1252 3624 1280 3679 9.
1295 3623 1341 3680 15,
1357 3623 1399 3677 17.

370 3707 1399 3780 34,9,11.14,11,4.9,11,1.3.4,13,10.11,14,6.10.17,

370 3793 415 3864 15,
431 3794 458 3849 7.
475 3794 526 3864 15,
543 3787 630 3863 19,5’.
647 3793 674 3848 7.
690 3791 766 3864 89,
782 3792 877 3864 10,1,
894 3794 988 3866 11,4,
1004 3794 1050 3865 13,
1066 3795 1100 3866 5,
1116 3793 1204 3865 14,1.
1220 3795 1247 3849 6.
1264 3793 1399 3865 7,17,6;

370 3877 527 3949 18,6,30,
542 3878 569 3933 6.
586 3877 612 3932 8.
805 3944 810 3953 Ι

408 3960 447 4031 (1)
465 3962 493 4032 3,
509 3962 560 4033 14,
576 3963 603 4032 4,
619 3962 646 4019 1.
662 3962 712 4034 10,
729 3964 755 4033 5,
771 3964 805 4033 7,
821 3962 849 4033 6,
865 3962 891 4019 7,
908 3962 959 4034 14,
975 3963 1003 4033 8,
1017 3962 1051 4034 9,
1066 3962 1094 4032 9,
1112 3963 1165 4034 13,
1182 3964 1227 4033 19,
1242 3964 1275 4033 5,
1292 3962 1336 4032 13,
1352 3961 1400 4030 18,

371 4048 568 4119 14,1.8.10,
590 4047 1399 4120 15,7,16,3,17,1,18,15,19,3,10,7,15,1,

372 4132 852 4204 16,1,18,5.9,19,6,39,10.
1179 4153 1182 4159 ’

409 4218 448 4285 (3)
467 4216 495 4287 1,
510 4217 587 4287 3,,4,
603 4217 654 4287 11,
670 4217 698 4287 8,
713 4218 746 4287 4,
763 4217 808 4288 10,
823 4219 857 4289 3,
873 4216 919 4286 18,
935 4217 968 4286 7,
984 4214 1029 4287 39,
1046 4216 1072 4272 7.

410 4302 449 4370 (4)
468 4303 500 4359 L.
516 4303 648 4359 Mueller.
665 4304 709 4359 De
723 4304 759 4359 R.
774 4304 845 4360 Met.
860 4319 890 4374 p.
906 4301 986 4359 418...
