3134 5100
823 552 862 563 -
883 517 923 579 36
945 551 983 563 ..

430 681 471 746 In
488 679 556 745 hoc
572 677 651 744 solo
668 677 748 744 loco

420 873 446 929 3.
467 871 512 942 17,
532 871 580 927 ld
635 887 766 943 quereus
780 873 845 928 Jovi
858 870 899 926 Et
913 873 1027 942 Myrtus
1041 871 1149 927 Veneri
1164 872 1284 941 placuit,
1299 869 1408 926 Phoebo

385 974 497 1040 laurea,
512 972 603 1027 Pinus
619 972 758 1041 Cybebae,
774 971 904 1040 populus
919 972 1001 1025 celsa
1015 970 1134 1024 Herculi

385 1148 612 1216 abonorum
649 1145 867 1232 scriptorum
903 1165 972 1214 usu
1005 1145 1203 1214 recessisse
1236 1145 1408 1213 Phaedrus

383 1261 540 1347 videtur,
559 1260 634 1349 qui,
651 1265 844 1347 postquam
863 1260 981 1348 prima
997 1259 1285 1328 enumerationis
1300 1278 1408 1326 voca-

385 1378 471 1446 bula
487 1376 745 1462 conjunctione
759 1399 778 1441 «
792 1384 828 1444 et
843 1399 862 1442 »
879 1377 1119 1463 copulaverit,
1136 1383 1272 1461 cetera,
1289 1374 1409 1444 nescio

385 1510 511 1577 quare,
529 1490 688 1558 exomni
704 1490 903 1559 exsolverit
917 1490 1190 1576 conjunctione.

426 1768 458 1857 γ)
489 1773 576 1837 Turn
604 1790 691 1838 vero
722 1790 825 1857 purae
856 1771 1030 1839 latinitati
1058 1771 1224 1854 inservit,
1250 1791 1346 1856 oum,
1370 1772 1410 1838 ad

383 1884 474 1950 duas
489 1885 683 1950 verborum
698 1883 994 1952 continuationes
1010 1885 1164 1953 alteram
1178 1885 1284 1952 alteri
1302 1903 1412 1970 oppo-

384 1999 536 2082 nendaS,
558 2018 631 2067 non
648 1999 852 2079 utOvidius
867 2022 886 2064 «
902 2000 1020 2068 sive...
1037 2021 1080 2068 ve
1098 2023 1116 2066 »
1134 2000 1194 2089 (1),
1211 2007 1274 2067 aut
1287 2001 1412 2068 Vitru-

382 2112 463 2180 vius
485 2134 504 2177 «
524 2111 617 2180 sive.
632 2161 662 2179 ..
684 2119 746 2180 aut
766 2136 784 2178 >›
803 2114 863 2202 (2),
884 2116 947 2181 sed
970 2114 1096 2182 «sive.
1111 2163 1141 2180 ..
1163 2115 1238 2182 sive
1254 2136 1273 2178 »
1295 2113 1410 2200 parti·

382 2225 485 2292 culas
501 2223 650 2292 adhibet
667 2243 675 2293 :

452 2403 479 2458 4.
495 2402 540 2473 tl,
557 2403 573 2456 1
594 2403 661 2458 Sive
676 2406 734 2460 hoc
750 2407 885 2475 ineptum
900 2406 959 2460 sive
975 2408 1158 2461 laudandum
1174 2411 1221 2460 est
1236 2419 1323 2474 opus

426 2681 454 2769 δ)
479 2684 555 2749 Hoc
578 2682 762 2750 neminem
785 2683 899 2768 fallit,
924 2703 1007 2750 curn
1028 2683 1205 2752 vocabula
1228 2681 1409 2766 negativa,

385 2797 508 2883 qualia
533 2799 664 2883 nullae,
687 2818 800 2881 nemo,
830 2818 1024 2882 nunquam,
1051 2818 1132 2865 curn
1155 2797 1411 2883 conjunctione

387 2936 405 2979 ‹<
421 2919 489 2980 01»
507 2915 735 2999 copulentur,
755 2913 990 2998 negationem
1012 2932 1033 2980 a
1051 2911 1222 2997 negativo
1237 2911 1411 2979 vocabulo

385 3029 423 3097 in
447 3027 743 3114 conjunctionem
768 3028 939 3095 transire.
958 3032 1012 3095 lta
1032 3029 1177 3094 demum
1198 3031 1281 3093 ante
1297 3044 1412 3111 nega-

288 3216 293 3227 ,
386 3142 521 3209 tionem
561 3141 770 3227 conjunctio
800 3141 975 3209 collocari
1004 3146 1134 3227 potest,
1165 3141 1197 3208 si
1227 3142 1271 3207 ad
1301 3158 1412 3207 unum

344 3342 346 3345 Ι
386 3256 618 3349 sequentium
646 3257 841 3324 verborum
870 3254 1019 3339 negatio
1047 3254 1410 3341 potissimumperti-

385 3376 482 3438 neat.
506 3370 570 3437 Cui
593 3370 844 3455 grammaticae
861 3370 935 3454 legi
963 3369 1097 3456 ubique
1113 3372 1290 3437 Phaedrus
1307 3372 1411 3438 obse-

385 3487 490 3551 cutus
517 3487 593 3567 est,
625 3484 789 3549 eamdem
821 3482 957 3568 saepius
986 3482 1148 3567 aequales
1169 3482 1408 3549 violaverunt.

419 3822 458 3889 (1)
478 3824 556 3877 Fast.
574 3822 600 3891 5,
616 3822 669 3876 685
684 3820 749 3878 Sive
766 3823 857 3876 deum
871 3824 1006 3891 prudens
1022 3824 1111 3877 alium
1127 3825 1258 3877 divamve
1273 3824 1371 3878 fefelli.

419 3906 457 3974 (2)
477 3908 499 3960 l.
515 3910 541 3975 1,
563 3922 592 3974 p.
609 3906 709 3959 110011
728 3908 949 3962 consuetudine
968 3912 1022 3959 ont
1041 3915 1156 3962 natura.
1177 3909 1204 3962 3.
1225 3908 1311 3962 Praef.
1332 3923 1362 3975 p.
1378 3906 1412 3960 64

382 3996 435 4046 ont
451 3992 638 4046 imbecillitas
653 3993 781 4047 fortunae
800 4008 851 4045 sea
864 4024 898 4031 -
914 3995 1076 4061 superatio.
1097 3994 1123 4047 7.
1144 3994 1157 4046 1
1181 4008 1210 4060 p.
1227 3993 1280 4047 161
1298 3993 1410 4059 contig-

381 4077 520 4130 nationes
544 4077 669 4129 humoro
694 4082 870 4131 crescentes
890 4081 943 4128 ant
965 4078 1101 4131 siccitate
1125 4079 1339 4132 decrescentes
1362 4093 1411 4128 seu

381 4161 612 4229 pandationibus
638 4162 789 4230 Sidonica,
816 4168 885 4230 etc,
912 4168 1008 4216 etc...
1038 4164 1078 4216 Cf.
1102 4164 1181 4228 virg.
1206 4164 1269 4217 AEn.
1298 4164 1336 4231 11,
1360 4161 1411 4215 1185

380 4262 430 4298 seu
446 4247 583 4299 turbidus
599 4247 695 4302 imber
707 4247 818 4316 proluit
833 4250 898 4299 ont.
909 4286 934 4300 ..
