3134 5100
635 541 793 640 -ar-
880 562 887 577 ·

106 763 110 770 .
201 704 339 789 Nempe
358 722 431 770 non
448 708 487 770 ut
502 703 714 790 Propertius
735 703 796 791 (1),
813 702 963 772 Ovidius
977 702 1036 793 (2),
1058 704 1233 772 Valerius

201 814 380 882 Maximus
401 815 448 901 (3)
466 817 699 900 «uultusque,
721 821 757 883 et
770 817 905 901 uultur,
925 821 1105 884 etuemo»
1128 816 1229 901 dicit,

202 929 265 994 sed
283 947 378 994 «uec
392 929 488 995 ullus
503 949 521 992 a

236 1091 263 1147 2.
279 1092 306 1162 6,
323 1091 341 1146 6
358 1091 418 1146 Nee
428 1093 491 1147 uilo
506 1098 595 1162 pacto
610 1094 678 1148 laedi
694 1098 809 1163 posset.
826 1093 854 1149 4.
866 1093 911 1164 25,
923 1093 958 1148 30
970 1093 1030 1148 Nec
1040 1091 1233 1161 ulliJ'uvenes

201 1191 272 1241 sunt
286 1188 407 1255 reperti.

200 1333 294 1416 Non,
320 1338 359 1400 ut
382 1333 532 1402 Ovidius
548 1334 594 1423 (4)
622 1341 658 1403 et
684 1335 856 1404 Valerius
877 1335 1057 1403 Maximus
1073 1334 1132 1424 (5),
1160 1339 1235 1403 «et

199 1446 325 1512 uiuit»
343 1448 406 1514 sed
424 1447 558 1534 ubique
576 1451 913 1533 «necquidquam»
930 1448 1105 1518 adhibet:

236 1607 262 1664 2.
283 1611 330 1666 Pr.
359 1609 458 1664 iNeo
480 1611 559 1666 aliud
583 1610 747 1682 quidquam
772 1613 926 1680 quaeritur.
949 1611 976 1666 9.
996 1611 1023 1682 8,
1052 1612 1088 1665 44
1105 1610 1165 1665 Neo
1187 1613 1235 1666 iile

199 1694 364 1833 guidquum
386 1697 486 1751 sentit.
504 1695 530 1751 3.
556 1697 601 1766 1⁴2,
619 1697 635 1750 7
650 1696 711 1751 Nee
736 1698 809 1752 mihi
833 1697 995 1768 quidquam
1020 1702 1131 1767 potest.
1149 1698 1189 1753 Cf.
1206 1696 1233 1751 4.

219 1781 245 1849 0,
280 1781 306 1835 3.

200 1926 363 2013 Denique
394 1947 485 2010 non,
519 1935 558 1996 ut
584 1929 756 1997 Valerius
786 1929 983 2013 Maximus,
1021 1951 1108 1997 uuo
1135 1950 1233 1998 uuu-

198 2061 305 2125 quum
318 2067 336 2108 »
353 2043 399 2132 (6)
416 2047 479 2112 sed
497 2065 797 2128 «necunquam»
816 2044 906 2112 dicit
923 2063 930 2114 :

341 2210 367 2264 4.
386 2209 412 2279 7,
430 2208 447 2264 6
466 2208 525 2264 Neo
540 2226 673 2281 uuquam
689 2212 759 2266 Pelii
775 2213 908 2267 nemoris
921 2213 1005 2279 jugo.
1017 2252 1041 2267 ..

203 3248 406 3255 —n-m.—--
415 3246 1230 3255 ...-.-—-----—-—.—--....—-————-—---—-—--

237 3360 276 3428 (Ἰ)
296 3360 317 3413 Ι.
335 3359 379 3427 17,
396 3358 431 3411 ta
447 3358 579 3427 Ossaque
595 3358 682 3410 uultu
698 3361 749 3411 tuo
765 3362 868 3412 nostru
885 3362 989 3411 tenere
1006 3357 1083 3411 sinu.
1108 3391 1109 3395 ,

238 3446 276 3514 (2)
296 3446 333 3499 M.
351 3444 394 3513 m,
410 3444 446 3497 45
464 3444 594 3511 Addidit,
612 3447 640 3495 et
655 3442 748 3495 uultis
760 3443 880 3496 inclusit
889 3443 990 3496 limina
1000 3442 1104 3510 portis
1119 3443 1188 3497 Hor.
1202 3441 1237 3496 16

202 3530 270 3600 (Π),
294 3532 329 3583 ’18
342 3530 383 3583 Et
404 3530 524 3583 laudem
546 3529 584 3582 de
607 3542 655 3581 nie
676 3527 778 3580 uirilius
801 3526 919 3580 adulter
939 3527 1038 3581 habet.
1061 3526 1095 3579 47
1116 3526 1183 3596 (18),
1200 3528 1236 3581 79

199 3616 351 3687 Nullaque
370 3631 429 3671 vox
447 3630 589 3683 unquam,
607 3616 719 3685 nuilurn
738 3614 880 3668 veniebat
895 3644 929 3654 —
948 3627 1091 3668 murmur.
1109 3614 1188 3670 Fast.
1207 3613 1234 3683 6,

200 3702 254 3755 ‘148
268 3703 302 3756 Et
318 3703 390 3756 latet
404 3705 432 3753 ot
447 3701 532 3754 uuile
548 3706 595 3755 est
611 3699 791 3753 invenienda
808 3699 906 3754 mode.

238 3786 276 3855 (3)
295 3786 322 3840 6.
343 3786 370 3855 3,
390 3786 408 3838 4
430 3799 499 3840 curn
522 3786 664 3838 dilectum
687 3784 786 3839 subito
809 3785 929 3839 edicere
954 3789 1077 3838 coactus
1100 3788 1185 3838 esset
1207 3787 1236 3834 rt

198 3871 349 3937 juniorum
363 3885 449 3922 uenio
466 3868 684 3936 respondisset.

237 3953 275 4021 (4)
296 3954 333 4007 M.
350 3954 376 4021 5,
393 3952 444 4005 437
462 3956 613 4020 restatque
629 3950 722 4018 uiuit*
737 3952 818 4020 quod
833 3952 983 4019 prendere
999 3951 1110 4020 possis.

237 4038 321 4101 (516.
346 4039 362 4089 5
386 4038 469 4105 praef.
490 4038 639 4104 cupiditas
665 4038 772 4091 rationi
794 4037 875 4090 cedit
893 4034 1030 4105 mittitque
1050 4037 1132 4104 utile,
1155 4037 1235 4104 quod

200 4136 307 4190 parurn
323 4122 484 4174 honestum
499 4120 593 4173 videri
609 4121 715 4188 possit,
732 4119 860 4172 ducitur.

239 4207 277 4274 (6)
298 4206 324 4260 9.
346 4206 363 4259 3
385 4207 468 4273 praef.
491 4211 620 4274 uterque
641 4205 893 4259 consternationis
917 4206 1025 4272 plenus
1050 4204 1176 4258 affectus
1202 4219 1235 4255 uo

201 4306 357 4360 muroquum
374 4292 439 4344 sino
455 4294 604 4344 tormento
621 4290 667 4344 sui
682 4290 840 4344 violentus
