3134 5100
607 579 765 644 43..

173 755 268 833 tum,
291 746 331 815 in
354 747 475 815 locum
498 747 651 832 hujusce
673 743 777 814 verbi
801 765 820 809 a
841 742 1025 812 trepidant
1044 764 1082 827 »,
1106 743 1202 829 quod

175 859 320 947 quidem
333 864 461 928 contra
481 856 617 926 iambei
636 855 812 925 carminis
826 857 930 941 leges
945 855 984 922 in
999 853 1203 922 Pithoeano

174 971 419 1058 Remensique
435 969 561 1056 codiee
577 968 777 1054 invenitur,
787 967 957 1038 nonnulli
968 968 1205 1052 subjecerunt

282 1141 295 1174 a
315 1123 457 1190 Interque
473 1121 589 1176 eaedem
604 1121 683 1176 ferro
697 1121 812 1174 mulum
829 1119 984 1173 trucidant
1000 1135 1035 1189 »3

173 1257 241 1326 alii
268 1264 409 1341 autem,
433 1258 532 1327 inter
557 1277 648 1344 quos
676 1257 859 1351 Lucienus
885 1258 1053 1343 Mueller,
1078 1276 1205 1326 «sau-

174 1372 272 1439 ciant
290 1393 308 1437 >›
325 1372 451 1456 legere
467 1388 541 1438 non
557 1369 827 1438 dubitaverunt.

221 1579 298 1644 Hoc
324 1594 410 1644 vero
434 1575 667 1644 manifestius
695 1575 806 1644 etiarn
831 1576 1075 1660 confirmabo,
1100 1593 1208 1660 quam

176 1687 378 1773 diligenter
400 1689 444 1757 ab
468 1687 629 1756 insolitis
652 1687 803 1757 vocibus
818 1689 997 1756 Phaedrus
1012 1693 1157 1772 caveat,
1177 1687 1212 1755 si

177 1820 198 1868 e
222 1799 391 1887 plurimis
419 1799 497 1868 illis
521 1801 626 1868 novis
650 1799 901 1887 inauditisque
928 1800 1100 1885 vocibus,
1126 1820 1209 1887 quae

176 1913 274 2000 apud
290 1913 453 1999 aequales
468 1917 678 1998 occurrunt,
694 1932 805 1980 unam
820 1914 966 1981 demum
979 1918 1042 1980 aut
1057 1913 1209 1980 alteram

177 2028 275 2116 apud
290 2029 486 2096 Phaedrum
502 2047 679 2115 apparere
698 2029 906 2096 ostendere.

403 2297 430 2362 1.
455 2331 499 2346 -
520 2313 568 2362 nn
594 2311 830 2362 sunsrnnrrvo
851 2281 989 2362 neurus

223 2529 254 2619 α)
277 2533 352 2600 Hoc
366 2530 551 2599 neminem
568 2531 663 2601 fallit
683 2531 834 2600 nomina
849 2531 1077 2602 substantiva
1092 2531 1212 2601 in-tor

178 2648 313 2715 et-triar
326 2646 546 2732 desinentia,
564 2666 715 2733 perrara
731 2647 852 2733 initio,
868 2647 907 2714 in
923 2648 1021 2716 diem
1036 2650 1212 2735 frequen-

177 2761 276 2829 tiora
296 2738 492 2830 exstitisse,
510 2761 602 2840 Quid
619 2761 772 2829 mirum?
792 2765 931 2849 Nempe
947 2763 1033 2831 huie
1049 2764 1103 2831 rei
1120 2783 1210 2850 pro-

176 2874 309 2943 ficiunt
324 2856 431 2943 istius
451 2874 549 2941 modi
566 2876 757 2959 vocabula,
775 2880 814 2941 ut
834 2876 1040 2944 breviorem
1055 2876 1210 2962 expedi-

176 2988 383 3075 tionemque
413 2989 568 3055 reddant
590 2987 794 3056 orationem
823 2994 952 3074 atque,
977 2993 1016 3055 ut
1044 2989 1211 3075 exemplo

177 3107 276 3187 utar,
301 3122 366 3189 per
390 3122 433 3169 ea
455 3121 527 3169 non
553 3102 677 3169 multis
697 3101 821 3170 verbis
844 3105 944 3185 «qui
963 3105 1154 3170 contemnit
1175 3125 1209 3190 a,

177 3220 246 3287 sed
268 3218 429 3287 breviter
453 3218 742 3305 simpliciterque
765 3240 785 3283 a
806 3223 1024 3303 contemptor
1045 3242 1063 3285 >›
1087 3220 1210 3287 dicere

175 3331 293 3399 liceat
308 3330 366 3419 (1).
390 3332 504 3399 Multa
526 3330 673 3417 quidem
693 3332 789 3417 apud
804 3332 999 3398 Phaedrum
1015 3338 1213 3400 occurrunt

176 3442 332 3511 nomina
343 3443 571 3511 substantiva
582 3442 701 3509 in-tor
713 3443 886 3511 exeuntia
893 3464 904 3529 3
919 3445 984 3512 sed
999 3445 1076 3513 fere
1089 3444 1212 3512 omnia
1243 3480 1247 3487 ·

78 3576 81 3582 ’
177 3561 268 3625 sunt
287 3555 443 3623 maxime
472 3576 574 3644 purae
600 3555 815 3641 latinitatis,
846 3557 979 3643 quippe
1012 3577 1094 3643 quae
1116 3557 1211 3643 apud

176 3674 363 3739 Caesarem
372 3671 643 3753 Ciceronemve,
653 3668 837 3737 interdum
853 3670 964 3737 etiarn
973 3673 1069 3759 apud
1081 3676 1213 3738 utrum·

177 3805 253 3875 qua
269 3785 501 3875 reperiantur
516 3786 575 3875 (2).

178 3959 359 3967 .--———-—-

217 4043 257 4112 (l)
278 4042 319 4098 Cf.
336 4043 372 4097 Η.
389 4043 515 4098 Goelzer.
532 4042 627 4097 Etude
650 4042 915 4111 lexicographique
940 4047 971 4097 et
988 4044 1213 4111 grammaticalia

178 4142 235 4184 sur
250 4130 279 4181 la
291 4128 406 4183 latinite
421 4127 460 4180 de
475 4127 649 4181 St-lerume.
665 4127 749 4181 Paris
764 4126 844 4180 1884.
861 4126 951 4181 Praef.

217 4212 257 4281 (i)
277 4214 350 4268 Haec
363 4212 510 4267 voeabula
523 4212 639 4266 nutavi:
663 4214 818 4264 accusator
831 4211 858 4266 3.
874 4212 952 4267 Prol.
967 4212 1021 4282 413
1044 4211 1166 4280 adjutor
1184 4213 1212 4267 5.

177 4298 207 4369 5,
227 4298 277 4369 ‘143
296 4300 402 4351 auctor
415 4296 443 4351 4.
460 4296 505 4367 15,
520 4296 538 4350 3
581 4295 786 4351 calumniator
800 4298 823 4351 Ι.
840 4297 885 4367 ll,
900 4296 934 4368 23
955 4298 1059 4367 fautor
1073 4299 1100 4353 5.
1115 4299 1142 4369 7,
1157 4298 1211 4370 293
