3134 5100
578 540 739 617 ..¹63-

107 689 109 692 ’
152 699 352 786 scriptores,
370 697 510 766 Livium
526 696 586 786 (l),
602 697 786 783 VelleJum
802 696 864 786 (2),
880 697 1070 766 Valerium
1090 701 1173 766 Ma-

149 813 277 882 ximum
294 814 340 902 (3)
358 812 540 900 reperias!

187 1040 218 1130 γ)
233 1045 319 1109 Haeo
342 1047 397 1108 est
418 1041 596 1108 bonorum
613 1039 846 1126 scriptorum,
867 1039 1053 1127 praecipue
1070 1040 1175 1109 Cice-

150 1154 243 1221 mnis
259 1173 300 1221 ao
312 1153 480 1235 Caesaris,
493 1153 733 1235 consuetude,
747 1157 786 1219 ut
796 1153 892 1219 modi
907 1152 1079 1233 ablativo,
1091 1173 1174 1221 oum

149 1267 242 1334 solus
260 1265 340 1332 sine
356 1264 572 1351 pronomine
591 1270 657 1337 aut
677 1264 857 1350 adjectivo
873 1267 1059 1350 efferatur,
1077 1286 1176 1353 prae-

147 1380 362 1466 positionem
383 1399 530 1446 «cunr»
553 1380 768 1464 adjungant.
791 1378 857 1447 Cui
872 1378 948 1464 legi
963 1399 1037 1447 non
1053 1379 1175 1448 inser-

146 1496 245 1564 viunt
274 1495 668 1579 nonnullavoeabula‚
692 1493 922 1582 maximeque
951 1515 1105 1582 eaquae
1134 1495 1174 1564 in

146 1615 218 1675 arte
234 1606 474 1693 grammatica
493 1606 641 1692 Madvig
654 1605 700 1695 (4)
715 1612 907 1674 enumerat
923 1629 942 1672 «
956 1607 1094 1692 ordine,
1110 1629 1175 1676 re-

147 1725 244 1808 tione,
261 1742 371 1806 more,
388 1728 488 1805 jure,
512 1722 661 1805 imario,
682 1741 861 1807 consensu,
875 1723 1051 1806 elamore,
1064 1723 1175 1789 silen-

147 1841 202 1922 tiu,
222 1841 314 1922 dolo,
334 1839 479 1922 strande,
501 1839 549 1921 vi,
570 1838 667 1921 vitia,
689 1857 811 1919 cursu,
834 1837 977 1920 aparine
990 1858 1023 1903 ».
1047 1839 1174 1922 Itaque

145 1950 247 2019 inea
276 1971 315 2018 re
341 1969 469 2038 parum
491 1948 628 2017 latinus
657 1954 713 2017 est
734 1950 932 2033 Phaedrus,
956 1950 1051 2035 quod
1081 1947 1174 2016 alias

145 2069 248 2151 atque
265 2084 328 2132 eas
344 2082 435 2150 quas
448 2060 596 2147 Madvig
607 2068 798 2130 enumerat
809 2081 918 2130 voees
933 2081 999 2148 pro
1014 2059 1174 2129 ablativo

144 2176 239 2245 modi
253 2181 418 2264 usurpat,
433 2195 552 2263 neque
569 2175 828 2260 conjunctione
845 2176 899 2244 eis
915 2195 1034 2262 neque
1049 2177 1175 2262 adjec-

144 2291 213 2360 tivo
230 2296 295 2360 aut
309 2277 525 2378 pronomine
546 2288 735 2377 apposito:

176 2443 201 2498 Ι.
220 2441 267 2512 95,
291 2441 309 2497 6
330 2443 495 2511 quamlibet
515 2442 614 2496 lambe
639 2440 697 2495 otio
721 2443 772 2509 (=
788 2442 913 2510 otiose).
938 2441 966 2496 ἱ).
989 2443 1041 2512 Ep.
1057 2440 1093 2495 43
1108 2445 1175 2495 arte

142 2541 225 2595 licias
241 2540 368 2595 fabulas.
391 2538 422 2593 4.
447 2538 474 2608 5,
491 2537 525 2593 37
546 2539 638 2593 vitam
662 2554 730 2607 quae
753 2538 826 2592 lurra
847 2538 947 2594 trahit.
972 2537 1003 2594 5.
1025 2539 1052 2608 3,
1074 2535 1109 2592 12
1124 2537 1174 2607 qui

142 2635 263 2690 consilio
281 2641 328 2691 est
343 2650 466 2690 nocens,

142 2776 239 2851 Quod
270 2774 309 2842 in
340 2775 495 2841 Phaedro
522 2771 827 2860 reprehendimus
853 2772 974 2839 minus
1002 2772 1174 2841 vitiosum

140 2886 338 2975 videbitur,
356 2873 389 2954 si
404 2892 440 2973 et
454 2888 526 2954 duo
540 2906 559 2954 e
577 2889 733 2971 quatuor
749 2886 826 2953 illis
842 2885 1013 2955 ablativis
1028 2885 1175 2955 casibus

142 2997 235 3081 apud
266 2995 466 3081 Virgilium
496 2996 543 3085 (5)
571 3016 763 3066 occurrere
794 2998 1110 3067 observaverimus
1139 3005 1176 3067 et

140 3110 277 3177 multos
297 3108 391 3177 alios
407 3110 453 3198 (6)
474 3110 569 3196 apud
585 3111 748 3198 aequales
768 3111 984 3198 prioresque
999 3110 1172 3196 inveniri,

141 3242 298 3308 quorum
311 3220 357 3290 ne
374 3243 467 3292 unus
481 3223 627 3310 quidem
642 3227 737 3311 apud
751 3227 947 3294 Phaedrum
963 3231 1149 3314 appareat.

139 3405 283 3416 -—-—...-
289 3411 337 3416 .-.
343 3411 383 3417 ...-
391 3413 405 3416 -.
414 3412 539 3417 ..-.,.-...-
552 3412 665 3417 —-..-..
672 3412 1167 3418 -...--—-.-..-—-—-.....—.....-———.

173 3504 214 3571 (1)
235 3505 258 3559 Ι.
275 3502 319 3573 31,
335 3503 353 3557 2
368 3503 497 3558 cecidere
513 3506 582 3557 conlo
598 3506 724 3573 lapides
741 3504 786 3559 97.
802 3505 848 3574 41,
864 3505 882 3561 8
897 3520 992 3574 eques
1016 3506 1173 3575 pedesque

134 3588 234 3654 portis
249 3604 348 3643 ruore.
365 3588 392 3643 9.
409 3588 436 3657 3,
453 3588 471 3641 3
487 3595 607 3644 montes
621 3588 725 3642 moliri
740 3590 808 3642 sede
823 3605 888 3659 sua,
905 3596 974 3659 ele,
992 3595 1049 3645 ete.

173 3671 214 3739 (l)
235 3673 258 3728 Ι.
274 3672 319 3741 le,
335 3676 353 3725 ‘a
367 3674 506 3728 animalia
521 3674 612 3727 nihilo
627 3675 726 3727 miuus
749 3679 892 3743 separata
912 3673 1028 3729 alienis.
1053 3672 1080 3727 9.
1095 3672 1140 3743 32,
1156 3674 1173 3727 5

136 3763 253 3811 remoto
269 3758 351 3813 marn
365 3761 444 3814 1000.

173 3843 214 3912 (3)
236 3844 266 3896 l.
285 3842 312 3912 7,
328 3841 499 3912 (iprensidio
511 3858 684 3914 progressus
699 3844 807 3898 hostis
831 3843 857 3899 8.
874 3842 920 3914 10,
946 3843 964 3897 2
986 3845 1052 3914 soro
1063 3844 1173 3914 petitos

137 3932 260 3994 gestus.
279 3927 306 3981 9.
323 3926 349 3997 2,
365 3927 547 3995 ljugulatos
565 3926 662 3981 marris
674 3926 885 3997 praecipitauit.

173 4011 214 4077 (4)
235 4011 258 4081 §-
274 4010 336 4079 258,
353 4010 379 4065 9.
398 4012 438 4066 Cl.
456 4012 579 4079 Draeger
592 4010 615 4083 §-
631 4010 697 4066 2⁸25.

174 4097 215 4163 (ὁ)
233 4098 269 4151 G.
291 4096 318 4151 4.
338 4096 373 4150 56
395 4099 462 4149 arte
482 4100 622 4151 recentes
644 4098 803 4153 Exouduut
822 4113 923 4154 ceras,
943 4130 977 4139 —
992 4100 1059 4154 AEn.
1077 4099 1105 4154 4.
1120 4097 1173 4153 493

137 4179 272 4233 hiemem
289 4180 366 4234 inter
380 4195 414 4235 se
434 4180 506 4233 lura
521 4183 634 4235 lovere.

175 4263 216 4331 (6)
232 4262 316 4332 Virg.
331 4266 367 4319 G.
386 4263 413 4319 3.
430 4262 484 4319 379
498 4268 618 4321 noctem
636 4264 704 4319 ludo
719 4265 845 4329 dtteunt.
861 4268 929 4323 AEn.
944 4266 975 4324 2.
994 4266 1048 4323 3‘23
1061 4266 1171 4335 ‚clamita
