3134 5100
789 559 949 624 ..30-

351 713 548 787 informato
568 737 676 787 *nune
708 717 907 806 loquimur,
937 721 1036 788 haud
1070 739 1384 808 supervacaneum

354 833 425 902 erit
446 833 546 903 aliud
571 853 715 922 quoque
736 835 867 904 vitium
891 855 1094 904 memorare
1123 838 1220 924 quod
1247 835 1384 923 saepius

354 951 449 1037 apud
465 949 605 1037 eosqui
618 951 774 1020 Phaedro
789 952 1114 1040 aequalesiuerunt
1128 955 1192 1022 sed
1208 973 1254 1021 ne
1270 954 1385 1022 semel

354 1065 501 1153 quidem
513 1069 607 1154 apud
620 1068 817 1136 Phaedrum
827 1069 1098 1139 animadvertas
1115 1089 1124 1139 :
1141 1091 1273 1158 nempe
1284 1090 1387 1139 com-

353 1178 518 1265 parativo
540 1179 671 1265 gradui
691 1180 771 1248 haeo
792 1181 965 1250 adverbia
986 1203 1005 1246 s
1028 1183 1160 1267 magis,
1184 1184 1341 1252 maxime
1365 1206 1385 1250 s

354 1300 600 1381 apponuntur,
624 1296 720 1382 quod
750 1296 898 1382 quidem
926 1303 964 1364 et
987 1297 1025 1365 in
1048 1298 1200 1367 Valerio
1228 1299 1387 1366 Maximo

356 1429 376 1473 «
399 1410 513 1493 ruupis
528 1409 734 1494 locupletior
757 1432 775 1474 »
792 1412 826 1477 3.
842 1413 877 1494 7,
895 1413 928 1494 1,
945 1431 1014 1479 nec
1029 1411 1150 1480 minus
1165 1412 1202 1480 in
1217 1412 1388 1481 Vitruvio

354 1522 473 1610 possis
489 1525 759 1609 reprehendere
774 1543 782 1593 :
800 1547 819 1590 «
836 1528 951 1610 inopis
963 1546 1009 1594 ex
1021 1527 1263 1596 melioravino
1276 1547 1389 1614 para-

354 1634 454 1703 bitur
477 1637 549 1702 st.
574 1637 617 1703 10
638 1634 736 1724 (pag.
761 1636 840 1725 180)
849 1657 859 1723 ;
882 1659 901 1702 s
924 1640 1083 1706 mouture
1102 1641 1247 1723 facilius
1269 1663 1289 1704 »
1312 1643 1346 1707 I.
1367 1643 1387 1707 1

354 1749 452 1838 (pag.
468 1747 517 1837 3),
531 1769 550 1816 s
564 1752 724 1818 maurinae
736 1754 884 1820 tutiores
898 1774 917 1819 s
930 1757 958 1821 Ι.
971 1753 1100 1841 5lpag.
1114 1754 1185 1843 22),
1197 1777 1216 1820 «
1229 1756 1391 1823 mausus

354 1863 517 1932 utiliores
539 1884 558 1929 s
574 1864 608 1932 2.
625 1865 647 1933 3
662 1864 760 1953 (pag.
778 1864 851 1954 38.)

696 2113 761 2178 ΙΙΙ.
788 2147 832 2162 -
854 2129 902 2178 nn
923 2129 1046 2180 vuaso

398 2356 486 2423 Cum
514 2351 616 2441 illius
639 2354 738 2423 modi
759 2353 1008 2423 locutionibus
1030 2355 1130 2423 aliud
1156 2356 1388 2442 superfluens

354 2467 500 2538 dicendi
517 2487 635 2554 genus
651 2466 916 2536 contulerimus
936 2467 975 2536 in
991 2469 1060 2535 hoo
1080 2467 1203 2553 situm,
1226 2472 1265 2535 ut
1279 2487 1386 2535 oom-

354 2582 484 2670 positis
527 2582 649 2651 verbis
688 2583 882 2650 admodum
924 2584 1136 2651 redundans
1172 2582 1387 2670 praepositio

221 2727 224 2731 ¹
265 2789 268 2795 Ι
355 2701 580 2787 adjungatur
608 2699 668 2788 (1).
690 2703 778 2777 Quae
797 2701 922 2784 verba,
944 2720 964 2767 e
984 2701 1125 2768 duabus
1147 2700 1387 2787 praepositio-

354 2815 463 2883 nibus
479 2815 649 2898 oonflata,
667 2820 786 2901 poetae
803 2833 1002 2901 omnesque
1026 2814 1242 2902 posterioris
1265 2815 1388 2883 aetatis

354 2929 552 3016 scriptores
584 2929 757 2997 videntur
791 2928 1040 3014 adamavisse‚
1077 2948 1160 2996 eum
1193 2929 1289 3015 apud
1323 2948 1388 2997 eos

280 3083 289 3101 ι
354 3044 415 3128 huj
422 3060 507 3110 usse
520 3040 619 3109 modi
633 3041 813 3117 voeabula
828 3039 1086 3109 inveniantur:
1101 3042 1389 3125 super-eminere

354 3153 488 3243 (Virg.)
502 3156 585 3223 AEn.
602 3155 636 3239 6,
654 3153 738 3238 8573
756 3154 812 3236 10,
828 3154 907 3221 765.
929 3151 1032 3220 Ovid.
1049 3155 1096 3220 M.
1112 3154 1147 3237 3,
1169 3153 1255 3236 182;
1276 3152 1385 3221 Trist.

354 3269 383 3335 Ι.
410 3266 445 3347 2,
473 3268 538 3351 49;
568 3265 878 3349 suaper-imponere
904 3262 1007 3332 Ovid.
1036 3266 1085 3331 M.
1114 3266 1149 3348 9,
1180 3265 1257 3331 100.
1287 3264 1384 3331 Cels.

353 3385 387 3453 5.
409 3385 466 3467 27,
490 3385 533 3468 63
556 3382 889 3467 super-iuoumlrare
906 3381 1010 3449 ovid.
1032 3382 1118 3449 Her.
1139 3384 1194 3466 11,
1219 3382 1276 3465 57,
1293 3384 1384 3468 117;

352 3500 628 3583 super-iulium
642 3498 744 3569 Ovid.
762 3501 810 3566 M.
827 3500 952 3583 s,640;
974 3501 1070 3581 Fosi,
1086 3499 1121 3582 5,
1140 3500 1218 3567 533.
1236 3501 1330 3569 Cels.
1345 3503 1383 3569 5.

352 3612 409 3696 26,
425 3613 481 3680 33.
503 3615 545 3679 In
561 3613 630 3680 hoc
648 3616 769 3678 autem
785 3629 888 3697 purae
903 3608 1079 3677 latinitati
1101 3610 1248 3678 Phaedri
1264 3630 1385 3678 sermo

353 3726 512 3795 similior
540 3730 607 3810 est,
638 3728 734 3813 quod
761 3726 902 3794 nullam
931 3744 1241 3812 supervacaneam
1261 3726 1386 3795 verbis

354 3842 566 3931 compositis
600 3842 752 3930 apponit
786 3841 1085 3929 praepositionem
1121 3847 1243 3929 atque,
1285 3842 1385 3936 omni

355 3958 599 4029 redundantia
624 3959 772 4043 omissa,
799 3956 1017 4045 simpliciter
1035 3956 1149 4026 dicit:
1174 3959 1382 4026 emineret.

389 4214 428 4283 (1)
438 4215 491 4271 uf.
507 4214 651 4270 Pauoker.
668 4213 836 4269 Verborum
848 4212 1193 4284 bipraepositionatoruru
1204 4213 1384 4271 breviarium

354 4298 489 4369 (Subind.
506 4298 578 4355 Lex.
594 4299 644 4353 lat.
660 4311 730 4368 pag.
746 4296 829 4365 491.)
