3134 5100
620 543 778 609 -l‘l-

186 707 313 778 bitavit
336 723 383 776 ne
407 726 518 775 unam
540 705 686 794 quidem
709 707 889 794 poeticam
912 727 1040 777 rocem
1065 708 1213 778 Phaedri

186 825 327 894 tabulas
349 822 555 910 perlegenti
580 821 651 892 sibi
674 822 800 892 obvias
822 823 1005 892 exstitisse
1022 823 1081 912 (l).
1098 824 1212 892 Multo

185 939 332 1026 quidem
355 939 577 1008 severiorem
598 938 638 1006 in
657 940 814 1007 Phaedro
829 939 1030 1024 jndicando
1050 938 1211 1025 scripto·

183 1073 262 1121 rem
290 1052 466 1138 gallicum
496 1053 633 1138 fuisse,
664 1054 744 1122 haec
776 1052 866 1121 satis
897 1054 1053 1139 probant
1081 1072 1163 1138 quae
1192 1071 1212 1120 e

182 1168 331 1238 Phaedri
352 1168 486 1237 fabulis
504 1168 669 1254 excerpsi
687 1186 695 1237 :
714 1188 844 1256 nempe
865 1188 930 1255 pro
952 1168 1054 1236 hisce
1075 1168 1211 1253 vulga·

182 1284 286 1353 ribus
302 1283 519 1371 usitatisque
534 1284 723 1354 vocabulis
737 1303 868 1369 «aquo,
884 1285 1025 1368 coctum,
1041 1285 1211 1369 comere,

181 1403 338 1466 senectus
360 1421 379 1464 »
402 1400 496 1484 haec,
520 1419 602 1486 quae
625 1398 866 1486 exquisitiora
887 1403 973 1467 sunt
995 1404 1033 1466 et
1053 1398 1211 1484 elegan-

182 1511 278 1579 tiora
304 1510 503 1580 adhibuit:
534 1533 553 1576 c
577 1513 695 1595 liquor
723 1511 765 1599 (l.
791 1512 983 1596 1,8;12,
1010 1510 1063 1598 4);
1093 1511 1213 1578 sidera

182 1626 224 1714 (Ι.
248 1628 282 1711 6,
305 1625 359 1714 4);
390 1628 457 1694 leto
478 1627 567 1694 darc
588 1627 629 1715 (I.
653 1627 709 1711 22,
730 1625 784 1714 9);
815 1631 952 1694 senecta
973 1625 1019 1713 (4.
1042 1625 1153 1713 210)
1176 1646 1209 1694 s.

181 1738 286 1806 Illius
306 1757 393 1806 vero
412 1737 511 1806 modi
530 1739 707 1834 vocabula
730 1737 783 1805 ita
805 1757 888 1807 raro
907 1737 947 1804 in
962 1737 1110 1805 Phaedri
1126 1756 1212 1805 ora-

181 1851 280 1919 tione
303 1851 484 1938 invenias,
505 1858 544 1920 nt
565 1873 647 1920 eam
669 1853 858 1938 humilem,
880 1855 1061 1939 abJectam
1079 1855 1213 1942 pedes-

180 1967 301 2054 trique
330 1969 490 2038 sermoni
520 1968 747 2038 simillimam
776 1971 873 2038 haud
900 1969 1083 2038 immerito
1105 1971 1212 2057 judi-

179 2081 334 2151 caveris,

223 2202 277 2266 Ex
297 2198 466 2268 omnibus
487 2199 541 2268 eis
564 2221 646 2287 quae
668 2202 712 2268 de
734 2200 881 2269 Phaedri
904 2200 1050 2269 dicendi
1072 2222 1210 2287 genere

179 2312 339 2381 diximus
359 2314 597 2401 consequitur
619 2319 659 2382 ut
684 2317 799 2383 multa
828 2314 975 2402 quidem
1000 2315 1039 2383 in
1062 2335 1105 2385 eo
1127 2319 1212 2384 lau-

179 2427 301 2494 danda
320 2425 406 2510 sint,
430 2427 544 2494 multa
567 2447 654 2495 vero
677 2431 993 2515 reprehendenda.
1017 2430 1103 2497 Ideo
1127 2431 1211 2498 lau-

180 2539 287 2609 dibus
309 2539 444 2626 dignus
469 2547 536 2626 est,
559 2542 654 2628 quod
675 2546 712 2610 et
733 2541 836 2610 brevi
860 2542 1102 2630 expeditoque
1124 2564 1209 2613 ser-

180 2675 288 2723 mone
309 2655 424 2724 utitur
439 2661 475 2724 et
494 2658 606 2726 verba
630 2677 712 2725 cum
728 2657 917 2745 aptissime
933 2658 1042 2727 struit
1055 2678 1208 2747 compo·

178 2769 306 2855 nitque
328 2773 404 2837 tum
426 2769 709 2857 prudentissime
735 2771 853 2839 variat
876 2790 918 2839 ac
940 2777 1138 2840 commutat
1159 2777 1208 2858 et,

180 2884 316 2952 omissa
331 2904 469 2971 eaquae
485 2892 647 2971 tempore
661 2885 726 2953 illo
742 2886 891 2971 vigebat
906 2886 1083 2955 orationis
1097 2888 1210 2955 affec-

179 2999 331 3082 tatione,
355 2999 467 3085 prisci
486 2998 619 3085 judicii
639 3000 892 3069 salubritatem
915 3020 1044 3087 puram
1068 3005 1104 3067 et
1125 2998 1207 3067 sin-

179 3132 301 3183 ceram
324 3112 494 3181 servavit.
518 3113 717 3181 Obscuram
735 3132 823 3180 vero
846 3111 1042 3199 aliquoties
1062 3119 1098 3179 et
1119 3131 1210 3180 con-

179 3235 310 3298 tortam
332 3230 495 3297 eamdem
519 3227 716 3297 dictionem
737 3228 940 3314 reperimus
949 3248 959 3313 3
981 3235 1057 3295 tum
1073 3247 1154 3295 eam
1169 3227 1208 3294 in

178 3344 334 3410 Plraedro
351 3342 552 3411 exilitatem
563 3341 869 3428 jejunitatemque
889 3342 1207 3428 reprehendimus

180 3460 218 3520 ut
240 3473 324 3521 eum
346 3459 381 3521 et
403 3454 442 3521 in
463 3456 647 3521 narrando
668 3454 983 3540 describendoque
1005 3453 1101 3522 etin
1124 3455 1207 3521 elo-

180 3569 323 3653 quendo
348 3566 544 3651 frigidum,
568 3566 725 3651 siccum,
749 3565 868 3635 omnis
890 3565 1025 3634 coloris
1054 3586 1096 3634 ac
1121 3565 1207 3634 vitae

179 3685 364 3766 expertem
388 3682 464 3748 fere
492 3681 626 3767 ubique
651 3680 914 3749 invenerimus.
942 3680 1080 3759 Quibus
1107 3680 1208 3749 vitiis

179 3792 406 3875 gravissimis
428 3792 459 3860 si
479 3812 554 3878 eaS,
574 3812 664 3879 quas
679 3793 921 3877 laudavimus,
936 3792 1091 3861 virtutes
1106 3812 1209 3861 com-

179 3905 390 3991 pensaveris
406 3913 513 3993 atque
537 3907 619 3976 ideo
642 3908 828 3994 praecipue
843 3910 1039 3975 Phaedrum
1054 3908 1207 3993 dignum

212 4189 251 4258 (l)
271 4188 395 4244 Poesies
410 4191 539 4246 ineditas
554 4192 594 4246 du
619 4205 728 4261 moyen
752 4192 820 4260 age,
844 4189 1012 4259 prdoeddes
1033 4164 1123 4245 d’une
1147 4191 1207 4245 his·

177 4276 250 4330 loire
265 4276 304 4329 de
319 4276 347 4329 la
362 4275 439 4330 sable
455 4276 610 4371 dsopique.
628 4277 711 4331 Paris
726 4275 806 4330 1854.
823 4289 893 4344 pag.
906 4274 952 4330 80.
