3134 5100
790 487 969 550 „102-

364 649 570 704 Ducentiens.
596 677 630 688 -
655 646 683 717 2,
708 647 744 703 te
768 649 878 703 Fatalis
902 661 998 701 anuos
1023 645 1219 700 decurramus
1242 645 1392 714 temporis.

401 746 441 801 Cl.
459 746 529 800 Feb.
545 750 604 800 vet.
620 745 647 801 4.
665 745 692 816 1,
709 744 722 798 1
740 759 802 800 non
815 744 912 798 vitam
926 745 1017 799 modo
1032 745 1160 800 Tristem
1175 741 1320 797 decurrit.

365 842 545 898 Excunsnu.
566 872 601 882 -
624 841 652 912 3,
674 840 693 897 6
712 846 742 898 et
765 841 827 910 jaun
848 841 942 895 limen
961 840 1114 895 accedeus.
1136 840 1178 895 Gi.
1199 839 1270 894 Fab.
1289 843 1348 892 vet.
1368 837 1393 892 3.

401 938 454 1007 Ep.
471 937 507 992 28
523 937 651 992 Excedit
666 941 796 1008 animus,
812 920 903 1008 quem
918 939 1086 1008 proposuit,
1105 935 1281 991 terminum.

367 1035 630 1092 Cmcuurnunus.
646 1068 679 1076 -
699 1037 726 1107 5,
746 1035 764 1092 8
782 1037 871 1092 Avari
886 1036 1109 1105 describuntur,
1131 1050 1202 1106 quas
1220 1031 1397 1101 cirurmfluit

383 1134 387 1144 ‘
403 1133 484 1187 Usus
499 1133 656 1190 bonorum.

367 1231 539 1288 quernae.
556 1263 590 1273 -
609 1231 689 1303 26st
713 1232 837 1304 chrcru
851 1231 1009 1304 irreperet.

414 1465 466 1530 Ea
481 1481 562 1531 esse
578 1463 690 1530 verba
705 1461 899 1530 transitiva
919 1466 983 1529 aut
996 1460 1231 1529 intransitiva
1246 1459 1401 1529 diximus

371 1576 515 1664 quibuS,
543 1577 573 1646 si
596 1576 811 1663 praepositio
835 1581 1052 1664 apponatur,
1081 1578 1161 1644 heec
1184 1575 1319 1663 duplex
1341 1573 1400 1642 di-

371 1692 478 1760 cendi
494 1692 588 1760 ratio
604 1692 811 1777 conveniat,
822 1698 862 1760 ut
874 1697 937 1761 aut
951 1692 1011 1760 eis·
1022 1692 1165 1761 dativus
1180 1693 1403 1777 adjungatur

372 1811 434 1874 ant
456 1814 537 1894 post
559 1827 602 1874 ea
624 1807 837 1894 praepositio
857 1809 986 1875 eadem
1008 1808 1174 1875 iteretur.
1196 1807 1297 1886 Quod
1318 1824 1404 1873 vero

372 1920 410 1988 in
440 1921 576 1990 fabulis
605 1921 767 2008 antiquis
788 1922 835 2011 (1)
876 1921 1214 2006 animadvertimus,
1244 1901 1405 1989 dativum

370 2035 493 2104 verbis
529 2035 637 2104 istius
678 2037 775 2104 modi
815 2037 1030 2123 plerumque
1073 2038 1168 2124 apud
1209 2037 1406 2105 Phaedrum

373 2150 539 2237 adJungi,
564 2151 661 2218 idem
683 2151 722 2219 in
744 2151 850 2221 novis
879 2171 1023 2239 quoque
1048 2151 1184 2222 fabulis
1213 2169 1407 2238 possumus

374 2267 665 2335 animadvertere
684 2286 692 2335 :

397 2429 437 2499 c,
454 2429 489 2484 lc
508 2429 640 2485 carcaa·
655 2431 714 2486 uuo
730 2432 818 2500 signa
832 2429 949 2485 tuturo.
966 2431 1011 2501 13,
1027 2431 1044 2484 7
1064 2430 1154 2486 crue
1168 2406 1271 2500 suffiri
1289 2433 1410 2486 ruerunt

375 2540 484 2595 poenas
499 2527 623 2583 numini.
641 2528 684 2584 Ib.
700 2527 736 2583 13
751 2525 886 2583 Dominae
901 2532 973 2584 tuno
987 2525 1149 2583 adsistebat
1164 2542 1238 2584 suae.
1301 2533 1304 2539 '

421 2750 529 2818 Utin
553 2750 740 2829 veteribus
767 2751 902 2821 tabulis
925 2751 972 2840 (2)
997 2751 1196 2821 ablativum
1221 2752 1339 2821 solum
1364 2754 1411 2820 ad

376 2864 477 2931 locos
498 2870 535 2931 et
556 2864 618 2933 ubi
637 2867 679 2933 iit
698 2865 824 2954 aliqua
840 2886 900 2934 res
915 2871 952 2935 et
967 2867 1063 2933 unde
1084 2864 1286 2934 disceditur
1305 2866 1408 2933 desi-

374 2982 542 3066 gnandos
558 2983 736 3051 Phaedrus
752 2982 915 3067 adhibet,
936 2983 988 3050 ita
1003 2989 1040 3050 et
1054 2983 1094 3050 in
1109 2983 1214 3051 novis
1232 3000 1240 3051 :

409 3144 454 3215 rb,
470 3144 488 3198 4
507 3146 592 3201 fortis
610 3146 749 3217 proeliis.
770 3147 798 3218 6,
813 3148 832 3201 4
850 3149 945 3217 mugIt
960 3146 1059 3219 adytis
1074 3148 1199 3215 Religi0.
1215 3145 1261 3217 43,
1276 3144 1295 3200 2
1311 3162 1412 3199 sarco-

370 3242 471 3311 pbcpo
485 3257 596 3313 corpus
611 3246 778 3301 condidit..
1100 3263 1103 3267 ·

410 3340 454 3411 93,
471 3342 488 3395 6
506 3344 643 3399 Praedam
659 3345 771 3401 dimisit
782 3361 836 3399 vore
852 3360 980 3416 serpens
996 3347 1119 3402 irritam.

421 3570 507 3638 Ideo
523 3572 719 3639 Phaedrum
735 3573 780 3642 ab
797 3573 995 3659 aequalium
1010 3572 1197 3660 plerisque
1213 3572 1411 3641 dissentire

377 3680 548 3767 diximuS,
576 3685 672 3770 quod
697 3703 816 3771 neque
846 3684 1075 3771 simplicibus
1102 3685 1243 3771 verbiS,
1272 3690 1412 3753 motum

376 3794 639 3883 indicantibus
665 3797 827 3865 dativum
849 3800 1026 3884 adjungat
1042 3798 1102 3887 (3),
1122 3819 1241 3885 neque
1259 3798 1410 3885 partiti-

822 3976 874 3982 ’.α
883 3977 897 3980 ..
903 3976 1002 3981 -......-.
1009 3974 1407 3981 .>*—-..—.-—-.-———-

413 4054 452 4123 (l)
471 4054 546 4109 Vide
565 4069 634 4123 pag.
650 4054 695 4111 54.

414 4139 453 4208 (2)
473 4140 548 4195 Vide
567 4156 636 4209 pag.
652 4140 697 4197 61.

363 4297 365 4302 Ι
414 4225 454 4295 (3)
474 4226 548 4281 Vide
567 4241 635 4295 pag.
652 4227 696 4281 57.
