3134 5100
759 892 806 976 ΙΙ.
826 943 871 958 -
890 925 938 975 un
959 923 1066 974 uours

688 1206 724 1256 A.
750 1189 803 1254 De
822 1187 996 1265 infinitivo
1018 1185 1131 1253 modo.

439 1453 469 1541 α)
485 1456 526 1522 In
542 1455 612 1521 hoo
628 1452 863 1548 consentiunt
878 1458 996 1540 poetee
1012 1457 1049 1520 et
1064 1471 1190 1521 omnes
1212 1451 1238 1519 ii
1263 1451 1325 1539 qui
1346 1459 1426 1540 post

396 1573 610 1654 argenteam
627 1572 772 1636 oetatem
795 1567 1035 1654 scripserunt,
1059 1573 1099 1634 ut
1121 1565 1305 1634 infinitivo
1328 1566 1424 1634 lihe-

396 1682 473 1750 rius
486 1687 634 1750 utantur
644 1688 766 1769 atque,
777 1681 934 1769 exempli
946 1700 1070 1765 eausa,
1080 1680 1142 1750 ubi
1156 1680 1426 1767 subjunctivum

396 1815 479 1863 oum
498 1816 517 1860 ‹<
533 1800 606 1862 ut»
630 1793 804 1879 egregius
827 1793 981 1880 quisque
1002 1793 1159 1880 scriptor
1173 1795 1267 1861 solet
1282 1794 1424 1876 efferre,

394 1906 618 1974 infinitivum
635 1911 824 1995 usurpent.

439 2018 571 2088 Merito
598 2019 745 2107 quidem
769 2021 966 2120 Bhaedrum
985 2020 1111 2107 'possis
1135 2020 1426 2107 reprehendere,

391 2135 489 2220 quod
519 2133 742 2202 infinitivum
770 2154 853 2202 oum
882 2133 984 2202 hisce
1012 2133 1134 2201 verbis
1168 2131 1425 2219 conjunxerit:

394 2253 540 2334 captare
557 2251 591 2315 4.
613 2252 646 2333 8,
667 2251 688 2316 6
708 2247 778 2336 (me
798 2253 918 2334 eaptus
938 2247 1103 2335 laedere);
1124 2266 1265 2315 uterere
1283 2249 1317 2314 3.
1335 2247 1388 2329 11,
1408 2247 1429 2309 7

393 2359 501 2446 (quod
518 2361 653 2427 meruit
662 2359 755 2447 pati)
765 2379 775 2446 ;
802 2365 926 2446 optare
943 2361 978 2428 5.
998 2362 1032 2445 3,
1058 2362 1101 2427 10
1125 2359 1252 2448 (optem
1265 2353 1428 2443 necare);

392 2490 558 2555 quoerere
575 2472 609 2539 3.
627 2474 687 2539 Pr.
693 2523 702 2557 ,
717 2473 762 2540 25
783 2473 1022 2561 (exopperore
1041 2470 1187 2558 potuerit)
1197 2490 1207 2557 3
1232 2470 1383 2536 suadere
1398 2471 1426 2537 1.

392 2587 447 2670 15,
462 2588 483 2653 6
499 2585 545 2674 (1)
560 2586 741 2673 (suadebat
756 2587 879 2654 animo
896 2588 1048 2673 supere).
1070 2587 1221 2654 Illorum
1238 2604 1325 2653 vero
1339 2604 1426 2653 ver-

393 2705 523 2772 borum
557 2705 699 2773 nullum
735 2710 790 2772 est
821 2703 910 2791 quin
945 2705 1041 2791 apud
1075 2680 1238 2790 aequules
1271 2701 1427 2769 Phaedro

392 2814 612 2901 scriptoreS‚
646 2815 719 2882 imo
751 2816 845 2901 apud
882 2812 1025 2900 priores
1053 2814 1105 2881 ita
1133 2834 1216 2882 oum
1244 2811 1428 2880 infinitivo

394 2928 598 2997 adhibitum
612 2928 776 3016 reperias
793 2928 853 3018 (2).

431 3195 470 3263 (1)
489 3197 564 3250 Alibi
580 3195 705 3249 strodere
730 3210 800 3251 oum
824 3200 886 3249 eut
902 3214 914 3249 r
932 3197 1098 3252 construit:
1123 3196 1241 3267 1.6,11
1268 3197 1376 3251 suadet
1396 3200 1430 3249 ut

396 3282 552 3349 scopulum
568 3296 661 3349 super
676 3279 793 3334 illidat.

432 3364 470 3431 (2)
491 3363 631 3435 Coptore.
648 3396 680 3404 —
698 3366 784 3421 ovio.
814 3366 886 3420 Met.
915 3365 961 3435 10,
987 3365 1022 3419 58
1046 3367 1215 3434 prendique
1237 3371 1268 3421 et
1277 3367 1430 3435 prendere

396 3452 532 3517 captans.
562 3450 673 3504 Colum.
691 3448 718 3519 8,
740 3448 771 3501 tt
799 3451 930 3517 agricola
954 3453 1079 3519 captans
1102 3450 1235 3518 undique
1259 3451 1430 3518 voluptates

396 3548 564 3601 reponere.

431 3615 558 3671 Morere.
579 3647 613 3656 —
630 3618 716 3672 Ovid.
736 3618 777 3671 M.
797 3616 824 3687 1,
841 3616 894 3670 ‘243
909 3632 986 3685 quus
1001 3618 1133 3689 (poenus)
1152 3635 1288 3673 meruere
1299 3618 1381 3690 poti.
1400 3618 1428 3688 8,

354 3718 358 3726 ¹
395 3698 447 3751 117
461 3699 561 3752 merui
567 3731 599 3738 —
601 3699 716 3769 perire.
728 3701 754 3770 9,
767 3700 820 3754 563
827 3717 942 3754 merere
951 3718 1017 3757 meo
1025 3702 1167 3756 subscribi
1174 3718 1268 3758 causa
1278 3705 1428 3772 sepulcro.

395 3785 482 3840 Trist.
499 3786 528 3839 5.
548 3785 592 3855 tt,
619 3785 654 3839 16
678 3787 749 3851 Quae
774 3785 875 3839 merui
897 3788 968 3841 vitio
989 3788 1117 3857 perdere
1141 3794 1250 3843 cuneta
1273 3803 1355 3843 rneo.
1381 3789 1425 3842 id.

396 3871 484 3924 Pont.
504 3870 534 3925 3.
554 3872 579 3941 1,
596 3871 632 3925 10
654 3872 701 3927 Sio
725 3871 877 3942 appellari
892 3887 952 3926 non
971 3889 1108 3926 meruere
1133 3876 1215 3928 mali.
1235 3906 1269 3914 -
1284 3876 1375 3943 Prop.
1394 3873 1426 3927 ⁸2.

318 3947 320 3955 '
395 3954 423 4023 5,
448 3958 465 4008 3
480 3957 551 4011 Haeo
574 3956 673 4009 merui
696 3974 831 4026 sperare.
851 3988 885 3996 —
899 3958 1004 4026 Vellej.
1024 3961 1053 4012 t.
1073 3959 1129 4028 5,1
1149 3961 1231 4013 solus
1256 3961 1430 4027 (Homerus)

397 4039 547 4109 appellari
561 4046 652 4108 poeta
668 4041 793 4097 meruit.
813 4073 847 4081 -
863 4043 929 4098 Vel.
948 4044 1028 4098 Max.
1054 4044 1084 4097 9.
1107 4043 1148 4114 13,
1164 4045 1182 4097 9.
1202 4043 1347 4097 occultari
1368 4058 1429 4099 non

395 4128 565 4180 merentur.
666 4172 671 4181 .

433 4208 556 4278 Optare.
576 4240 610 4249 -
625 4212 744 4265 Terent.
761 4212 856 4266 Andr.
875 4212 906 4267 1.
924 4213 951 4283 5,
967 4214 984 4265 ‘2
1008 4214 1168 4269 inhoneste
1188 4212 1301 4284 optavit
1317 4230 1430 4284 parere

396 4291 445 4347 hio
461 4294 580 4348 divitias
595 4296 695 4363 potius
711 4310 802 4364 quarn
818 4297 847 4350 in
862 4299 959 4366 patria
980 4299 1108 4354 honeste
1122 4314 1238 4370 pauper
1260 4300 1374 4355 vivere.
1393 4329 1429 4339 -
