3134 5100
786 521 945 583 „52-

393 687 462 754 Illa
478 685 625 773 quidem
640 705 732 772 puro
752 685 914 755 sermoni
935 691 1161 773 repugnant3
1185 687 1248 753 sed
1270 706 1381 772 quam

348 800 462 868 multa
495 802 660 886 ejusdem
693 801 843 886 generis
872 820 939 868 nec
973 799 1095 868 minus
1122 799 1254 868 vitiosa
1282 800 1380 884 apud

349 914 524 999 aequaleS,
542 912 615 982 imo
636 915 694 982 vel
713 915 809 1001 apud
830 913 974 1001 priores
992 913 1198 981 inveneris!
1225 915 1378 998 Nempe,

349 1032 389 1094 ut
410 1035 536 1114 poetas
559 1027 742 1113 omittam,
767 1049 858 1115 quos
880 1028 946 1118 illa
971 1027 1122 1096 licentia
1150 1029 1380 1114 frequentius

349 1162 435 1212 usos
454 1164 534 1212 esse
555 1149 714 1227 constat,
734 1143 806 1230 ipsi
825 1163 946 1230 prosae
966 1143 1144 1210 orationis
1166 1143 1379 1230 scriptores,

349 1262 457 1344 atque
475 1257 513 1326 in
530 1257 657 1344 primis
674 1258 798 1326 Livius
814 1258 876 1345 (1),
892 1258 990 1325 idem
1005 1257 1243 1325 admiserunt.

394 1527 420 1613 β)
436 1524 505 1593 Ubi
521 1523 720 1592 ablativum
734 1544 859 1591 casum
874 1544 957 1592 cum
973 1525 1059 1608 «ab,
1070 1545 1130 1608 cor,
1144 1526 1218 1591 de»
1235 1545 1382 1612 praepo-

330 1627 332 1631 *
349 1637 546 1707 sitionibus
562 1638 719 1725 optimus
733 1638 888 1725 quisque
901 1637 1057 1724 scriptor
1068 1639 1198 1705 efferre
1210 1641 1303 1706 solet
1317 1640 1380 1726 (2),

348 1751 400 1823 ibi
420 1773 696 1841 nonnunquam,
715 1755 759 1821 ad
776 1755 877 1822 locos
893 1754 989 1820 unde
1006 1753 1087 1839 quis
1105 1753 1261 1821 discedit
1280 1753 1382 1821 desi-

349 1871 529 1957 gnandoS,
547 1869 744 1938 ablativum
761 1871 880 1937 solum
896 1875 1067 1956 usurpat:
1250 1850 1253 1854 ’

385 2079 406 2132 l.
422 2075 467 2146 49,
490 2076 650 2132 recedam
677 2080 746 2133 loco.
770 2078 797 2132 2.
821 2076 847 2147 8,
871 2076 884 2130 l
910 2093 1018 2133 cervus
1034 2080 1214 2134 nemorosis
1236 2077 1383 2132 excitatus

351 2173 497 2229 latibulis.

384 2297 410 2353 3.
428 2300 474 2353 Pr.
490 2297 522 2351 91
541 2313 643 2353 curam
654 2300 776 2368 penitus
787 2299 874 2353 corde
888 2298 1043 2356 eraserim.
1052 2301 1079 2369 4,
1090 2299 1118 2369 9,
1130 2299 1163 2353 ll
1177 2297 1268 2353 evasit
1278 2303 1380 2370 polteo.

348 2395 394 2465 25,
409 2395 445 2450 98
456 2401 615 2468 promorat
630 2398 680 2452 vix
694 2399 806 2467 pedem
823 2398 966 2454 triclinio.

349 2590 435 2657 Ideo
450 2608 537 2657 vero
553 2588 789 2657 excusatione
805 2590 940 2675 dignus
954 2596 1010 2657 est
1024 2592 1214 2674 Phaedrus,
1225 2591 1320 2677 quod
1336 2610 1383 2657 ex

349 2702 396 2771 iis
419 2724 500 2789 quae
522 2703 817 2771 enumeravimus
837 2704 961 2771 verbis
984 2724 1096 2772 unum
1121 2701 1278 2771 «cedere
1293 2726 1311 2768 r
1328 2703 1381 2770 ita

349 2838 431 2886 cum
447 2817 606 2886 ablativo
622 2817 749 2885 Cicero
765 2818 843 2906 ipse
856 2818 902 2906 (3)
912 2819 1102 2904 conjunxit
1117 2825 1225 2905 atque
1239 2818 1297 2886 his
1312 2817 1382 2885 tri-

348 2938 417 3006 bus
427 2934 549 3004 verbis
567 2936 772 3016 «excitare,
790 2935 951 3018 eradere,
967 2935 1150 3000 evadere»
1167 2933 1380 3021 praepositio

299 3040 301 3046 ’
350 3069 437 3117 «eoo
461 3071 479 3113 »
504 3048 729 3135 apponitur:
759 3048 856 3114 uude
885 3050 926 3113 fit
955 3054 994 3114 ut
1020 3066 1039 3113 e
1068 3047 1229 3133 quinque
1258 3044 1380 3114 verbi's

349 3183 481 3247 unum,
507 3182 752 3247 «promovere
773 3184 792 3227 »
821 3162 983 3246 scilicet,
1007 3182 1089 3230 cum
1112 3161 1269 3230 ablativo
1292 3180 1381 3228 casu

348 3275 569 3344 insolentius
598 3275 844 3343 construatur.
872 3278 1009 3344 Verum
1042 3274 1140 3342 euim
1172 3295 1259 3342 vero
1293 3281 1382 3361 quot

348 3392 460 3461 verba
480 3392 663 3479 simplicia
684 3392 736 3460 sio
754 3413 837 3461 cum
853 3392 1012 3460 ablativo
1032 3393 1110 3459 solo
1126 3392 1291 3460 adhibita
1305 3410 1381 3459 non

349 3507 456 3573 modo
470 3507 563 3592 apud
580 3511 719 3592 poetaS,
738 3504 928 3572 sedetiam
949 3505 1043 3590 apud
1061 3522 1181 3591 prosae
1201 3502 1381 3571 orationis

385 3892 428 3961 (1)Ι
448 3894 520 3947 llaec
544 3894 682 3961 exempla
705 3894 829 3961 Draeger
850 3894 987 3961 excepit:
1012 3895 1038 3948 I.
1062 3892 1107 3963 34,
1132 3892 1151 3947 8
1174 3897 1314 3963 carpento
1330 3909 1384 3949 se-

349 3978 441 4032 denti.
457 3976 503 4046 40,
527 3976 698 4047 9ploustro
724 3980 883 4046 conjugem
907 3995 943 4033 ac
965 3980 1076 4035 liberos
1099 3980 1228 4033 liabens.
1254 3977 1299 4033 99.
1319 3979 1386 4049 4,6

348 4064 459 4117 nebula
475 4078 577 4132 compo
593 4079 683 4131 quarn
700 4062 849 4117 montibus
865 4065 987 4119 densior
1002 4066 1133 4120 sederat.

385 4163 422 4231 (i)
443 4164 560 4231 Madvig
575 4165 624 4217 lat.
642 4164 706 4232 Spr.
724 4163 747 4235 g.
763 4162 831 4218 275.
850 4166 974 4231 Draeger
989 4165 1010 4219 l.
1026 4180 1057 4233 p.
1073 4162 1136 4233 498,
1153 4180 1199 4234 sq.

365 4261 423 4327 ,(3)
443 4261 517 4315 Vide
531 4262 654 4327 Draeger
669 4262 690 4315 Ι.
711 4276 739 4329 p.
756 4258 823 4318 592.
