<?xml version="1.0" encoding="UTF-8"?>
<!DOCTYPE html PUBLIC "-//W3C//DTD XHTML 1.0 Transitional//EN"
    "http://www.w3.org/TR/xhtml1/DTD/xhtml1-transitional.dtd">
<html xmlns="http://www.w3.org/1999/xhtml" xml:lang="en" lang="en">
 <head>
  <title>
</title>
<meta http-equiv="Content-Type" content="text/html;charset=utf-8" />
  <meta name='ocr-system' content='tesseract 3.04.00' />
  <meta name='ocr-capabilities' content='ocr_page ocr_carea ocr_par ocr_line ocrx_word'/>
</head>
<body>
  <div class='ocr_page' id='page_1' title='image "./dephaedrisermon00causgoog_0122.png"; bbox 0 0 3134 5100; ppageno 0'>
   <div class='ocr_carea' id='block_1_1' title="bbox 824 524 984 586">
    <p class='ocr_par' dir='ltr' id='par_1_1' title="bbox 824 524 984 586">
     <span class='ocr_line' id='line_1_1' title="bbox 824 524 984 586; baseline 0 -14"><span class='ocrx_word' id='word_1_1' title='bbox 824 524 984 586; x_wconf 72' lang='lat' dir='ltr'>..9ss-</span> 
     </span>
    </p>
   </div>
   <div class='ocr_carea' id='block_1_2' title="bbox 380 689 1416 2857">
    <p class='ocr_par' dir='ltr' id='par_1_2' title="bbox 384 689 1416 1473">
     <span class='ocr_line' id='line_1_2' title="bbox 387 689 1415 779; baseline 0.004 -21"><span class='ocrx_word' id='word_1_2' title='bbox 387 689 496 758; x_wconf 87' lang='lat' dir='ltr'>eitate</span> <span class='ocrx_word' id='word_1_3' title='bbox 513 691 626 758; x_wconf 90' lang='lat' dir='ltr'>multa</span> <span class='ocrx_word' id='word_1_4' title='bbox 646 689 698 760; x_wconf 92' lang='lat' dir='ltr'>ibi</span> <span class='ocrx_word' id='word_1_5' title='bbox 717 691 876 760; x_wconf 82' lang='lat' dir='ltr'>deficere</span> <span class='ocrx_word' id='word_1_6' title='bbox 896 694 1084 778; x_wconf 81' lang='lat' dir='ltr'><strong>appareat.</strong></span> <span class='ocrx_word' id='word_1_7' title='bbox 1105 694 1182 760; x_wconf 86' lang='lat' dir='ltr'>Hoc</span> <span class='ocrx_word' id='word_1_8' title='bbox 1202 711 1290 760; x_wconf 90' lang='lat' dir='ltr'>vero</span> <span class='ocrx_word' id='word_1_9' title='bbox 1309 693 1415 779; x_wconf 81' lang='lat' dir='ltr'>longe</span> 
     </span>
     <span class='ocr_line' id='line_1_3' title="bbox 386 805 1416 892; baseline 0.002 -18"><span class='ocrx_word' id='word_1_10' title='bbox 386 805 644 892; x_wconf 81' lang='lat' dir='ltr'>gravissimum</span> <span class='ocrx_word' id='word_1_11' title='bbox 682 807 989 891; x_wconf 82' lang='lat' dir='ltr'>observaverunt,</span> <span class='ocrx_word' id='word_1_12' title='bbox 1030 807 1129 875; x_wconf 90' lang='lat' dir='ltr'>inter</span> <span class='ocrx_word' id='word_1_13' title='bbox 1165 827 1293 876; x_wconf 85' lang='lat' dir='ltr'>omnes</span> <span class='ocrx_word' id='word_1_14' title='bbox 1335 807 1416 876; x_wconf 87' lang='lat' dir='ltr'>illas</span> 
     </span>
     <span class='ocr_line' id='line_1_4' title="bbox 384 918 1415 1008; baseline -0.002 -17"><span class='ocrx_word' id='word_1_15' title='bbox 384 918 532 991; x_wconf 89' lang='lat' dir='ltr'>Phaedri</span> <span class='ocrx_word' id='word_1_16' title='bbox 548 919 704 1003; x_wconf 80' lang='lat' dir='ltr'>fabulas,</span> <span class='ocrx_word' id='word_1_17' title='bbox 728 939 811 1006; x_wconf 85' lang='lat' dir='ltr'>quae</span> <span class='ocrx_word' id='word_1_18' title='bbox 832 939 853 987; x_wconf 91' lang='lat' dir='ltr'>a</span> <span class='ocrx_word' id='word_1_19' title='bbox 872 919 1040 988; x_wconf 91' lang='lat' dir='ltr'>Romulis</span> <span class='ocrx_word' id='word_1_20' title='bbox 1061 926 1099 988; x_wconf 90' lang='lat' dir='ltr'>et</span> <span class='ocrx_word' id='word_1_21' title='bbox 1119 939 1301 1008; x_wconf 87' lang='lat' dir='ltr'>anonymo</span> <span class='ocrx_word' id='word_1_22' title='bbox 1323 942 1415 1008; x_wconf 86' lang='lat' dir='ltr'>quo-</span> 
     </span>
     <span class='ocr_line' id='line_1_5' title="bbox 385 1034 1416 1124; baseline 0.002 -21"><span class='ocrx_word' id='word_1_23' title='bbox 385 1037 468 1104; x_wconf 85' lang='lat' dir='ltr'>dam</span> <span class='ocrx_word' id='word_1_24' title='bbox 482 1034 747 1120; x_wconf 82' lang='lat' dir='ltr'>(Nilantiuuum</span> <span class='ocrx_word' id='word_1_25' title='bbox 760 1034 873 1119; x_wconf 80' lang='lat' dir='ltr'>vutgo</span> <span class='ocrx_word' id='word_1_26' title='bbox 888 1054 972 1101; x_wconf 91' lang='lat' dir='ltr'>eum</span> <span class='ocrx_word' id='word_1_27' title='bbox 987 1036 1214 1124; x_wconf 86' lang='lat' dir='ltr'>nuncupant)</span> <span class='ocrx_word' id='word_1_28' title='bbox 1233 1036 1272 1104; x_wconf 93' lang='lat' dir='ltr'>iu</span> <span class='ocrx_word' id='word_1_29' title='bbox 1287 1039 1416 1124; x_wconf 89' lang='lat' dir='ltr'>pedes·</span> 
     </span>
     <span class='ocr_line' id='line_1_6' title="bbox 385 1149 1416 1236; baseline 0.003 -18"><span class='ocrx_word' id='word_1_30' title='bbox 385 1157 478 1218; x_wconf 90' lang='lat' dir='ltr'>trem</span> <span class='ocrx_word' id='word_1_31' title='bbox 505 1150 678 1218; x_wconf 77' lang='lat' dir='ltr'>resolutae</span> <span class='ocrx_word' id='word_1_32' title='bbox 704 1149 779 1218; x_wconf 88' lang='lat' dir='ltr'>sint</span> <span class='ocrx_word' id='word_1_33' title='bbox 800 1169 1020 1236; x_wconf 90' lang='lat' dir='ltr'>sermonem,</span> <span class='ocrx_word' id='word_1_34' title='bbox 1040 1156 1122 1220; x_wconf 86' lang='lat' dir='ltr'>octo</span> <span class='ocrx_word' id='word_1_35' title='bbox 1147 1153 1292 1222; x_wconf 79' lang='lat' dir='ltr'>fabulas</span> <span class='ocrx_word' id='word_1_36' title='bbox 1307 1173 1416 1222; x_wconf 84' lang='lat' dir='ltr'>novas</span> 
     </span>
     <span class='ocr_line' id='line_1_7' title="bbox 386 1267 1414 1356; baseline 0.003 -21"><span class='ocrx_word' id='word_1_37' title='bbox 386 1271 551 1355; x_wconf 89' lang='lat' dir='ltr'>repertas</span> <span class='ocrx_word' id='word_1_38' title='bbox 567 1285 647 1336; x_wconf 88' lang='lat' dir='ltr'>esse</span> <span class='ocrx_word' id='word_1_39' title='bbox 665 1285 673 1334; x_wconf 93' lang='lat'>:</span> <span class='ocrx_word' id='word_1_40' title='bbox 693 1268 790 1335; x_wconf 87' lang='lat' dir='ltr'>unda</span> <span class='ocrx_word' id='word_1_41' title='bbox 805 1267 1046 1356; x_wconf 79' lang='lat' dir='ltr'><strong>consequitur</strong></span> <span class='ocrx_word' id='word_1_42' title='bbox 1061 1275 1101 1337; x_wconf 90' lang='lat' dir='ltr'>ut</span> <span class='ocrx_word' id='word_1_43' title='bbox 1115 1289 1160 1338; x_wconf 84' lang='lat' dir='ltr'>ex</span> <span class='ocrx_word' id='word_1_44' title='bbox 1174 1272 1303 1338; x_wconf 87' lang='lat' dir='ltr'>eodem</span> <span class='ocrx_word' id='word_1_45' title='bbox 1318 1271 1414 1338; x_wconf 82' lang='lat' dir='ltr'>tonte</span> 
     </span>
     <span class='ocr_line' id='line_1_8' title="bbox 385 1382 1371 1473; baseline 0.002 -23"><span class='ocrx_word' id='word_1_46' title='bbox 385 1402 490 1451; x_wconf 88' lang='lat' dir='ltr'>novae</span> <span class='ocrx_word' id='word_1_47' title='bbox 505 1386 720 1468; x_wconf 83' lang='lat' dir='ltr'>veteresque</span> <span class='ocrx_word' id='word_1_48' title='bbox 736 1382 873 1452; x_wconf 78' lang='lat' dir='ltr'>fabulae</span> <span class='ocrx_word' id='word_1_49' title='bbox 889 1385 1086 1452; x_wconf 85' lang='lat' dir='ltr'>defluxisse</span> <span class='ocrx_word' id='word_1_50' title='bbox 1102 1385 1298 1452; x_wconf 90' lang='lat' dir='ltr'>videantur</span> <span class='ocrx_word' id='word_1_51' title='bbox 1312 1384 1371 1473; x_wconf 84' lang='lat'>(1).</span> 
     </span>
    </p>

    <p class='ocr_par' dir='ltr' id='par_1_3' title="bbox 382 1499 1416 2396">
     <span class='ocr_line' id='line_1_9' title="bbox 431 1499 1416 1590; baseline 0.001 -22"><span class='ocrx_word' id='word_1_52' title='bbox 431 1501 498 1568; x_wconf 86' lang='lat' dir='ltr'>Sed</span> <span class='ocrx_word' id='word_1_53' title='bbox 528 1500 626 1567; x_wconf 90' lang='lat' dir='ltr'>inter</span> <span class='ocrx_word' id='word_1_54' title='bbox 649 1501 763 1568; x_wconf 88' lang='lat' dir='ltr'>multa</span> <span class='ocrx_word' id='word_1_55' title='bbox 787 1499 853 1568; x_wconf 92' lang='lat' dir='ltr'>illa</span> <span class='ocrx_word' id='word_1_56' title='bbox 882 1505 918 1568; x_wconf 89' lang='lat' dir='ltr'>et</span> <span class='ocrx_word' id='word_1_57' title='bbox 946 1521 991 1569; x_wconf 87' lang='lat' dir='ltr'>ex</span> <span class='ocrx_word' id='word_1_58' title='bbox 1019 1502 1119 1570; x_wconf 92' lang='lat' dir='ltr'>omni</span> <span class='ocrx_word' id='word_1_59' title='bbox 1146 1507 1249 1590; x_wconf 90' lang='lat' dir='ltr'>parte</span> <span class='ocrx_word' id='word_1_60' title='bbox 1278 1501 1416 1570; x_wconf 86' lang='lat' dir='ltr'>adscita</span> 
     </span>
     <span class='ocr_line' id='line_1_10' title="bbox 384 1615 1414 1704; baseline -0.001 -19"><span class='ocrx_word' id='word_1_61' title='bbox 384 1621 613 1702; x_wconf 86' lang='lat' dir='ltr'>argumenta,</span> <span class='ocrx_word' id='word_1_62' title='bbox 632 1616 727 1702; x_wconf 91' lang='lat' dir='ltr'>quod</span> <span class='ocrx_word' id='word_1_63' title='bbox 742 1615 901 1702; x_wconf 92' lang='lat' dir='ltr'>primum</span> <span class='ocrx_word' id='word_1_64' title='bbox 917 1618 1073 1687; x_wconf 88' lang='lat' dir='ltr'>debebat</span> <span class='ocrx_word' id='word_1_65' title='bbox 1087 1637 1281 1686; x_wconf 84' lang='lat' dir='ltr'>occurrere</span> <span class='ocrx_word' id='word_1_66' title='bbox 1296 1637 1414 1704; x_wconf 90' lang='lat' dir='ltr'>neque</span> 
     </span>
     <span class='ocr_line' id='line_1_11' title="bbox 384 1731 1415 1820; baseline 0.002 -19"><span class='ocrx_word' id='word_1_67' title='bbox 384 1733 566 1802; x_wconf 88' lang='lat' dir='ltr'>minusad</span> <span class='ocrx_word' id='word_1_68' title='bbox 582 1731 788 1800; x_wconf 83' lang='lat' dir='ltr'>faciendam</span> <span class='ocrx_word' id='word_1_69' title='bbox 808 1734 918 1802; x_wconf 88' lang='lat' dir='ltr'>fidem</span> <span class='ocrx_word' id='word_1_70' title='bbox 937 1753 1049 1820; x_wconf 86' lang='lat' dir='ltr'>grave</span> <span class='ocrx_word' id='word_1_71' title='bbox 1064 1734 1269 1819; x_wconf 87' lang='lat' dir='ltr'>videbatur,</span> <span class='ocrx_word' id='word_1_72' title='bbox 1290 1735 1415 1803; x_wconf 89' lang='lat' dir='ltr'>nescio</span> 
     </span>
     <span class='ocr_line' id='line_1_12' title="bbox 384 1847 1413 1936; baseline 0.001 -21"><span class='ocrx_word' id='word_1_73' title='bbox 384 1867 455 1934; x_wconf 88' lang='lat' dir='ltr'>quo</span> <span class='ocrx_word' id='word_1_74' title='bbox 470 1852 591 1934; x_wconf 84' lang='lat' dir='ltr'>paeto,</span> <span class='ocrx_word' id='word_1_75' title='bbox 607 1847 757 1916; x_wconf 89' lang='lat' dir='ltr'>omnino</span> <span class='ocrx_word' id='word_1_76' title='bbox 779 1848 928 1919; x_wconf 82' lang='lat' dir='ltr'>deficit:</span> <span class='ocrx_word' id='word_1_77' title='bbox 950 1868 1080 1936; x_wconf 85' lang='lat' dir='ltr'>nempe</span> <span class='ocrx_word' id='word_1_78' title='bbox 1097 1849 1135 1917; x_wconf 93' lang='lat' dir='ltr'>in</span> <span class='ocrx_word' id='word_1_79' title='bbox 1152 1849 1291 1918; x_wconf 90' lang='lat' dir='ltr'>nullius</span> <span class='ocrx_word' id='word_1_80' title='bbox 1306 1868 1413 1917; x_wconf 91' lang='lat' dir='ltr'>men-</span> 
     </span>
     <span class='ocr_line' id='line_1_13' title="bbox 384 1961 1414 2049; baseline 0.002 -19"><span class='ocrx_word' id='word_1_81' title='bbox 384 1967 457 2030; x_wconf 87' lang='lat' dir='ltr'>tem</span> <span class='ocrx_word' id='word_1_82' title='bbox 475 1961 577 2030; x_wconf 90' lang='lat' dir='ltr'>venit</span> <span class='ocrx_word' id='word_1_83' title='bbox 598 1968 638 2030; x_wconf 83' lang='lat' dir='ltr'>et·</span> <span class='ocrx_word' id='word_1_84' title='bbox 654 1982 725 2048; x_wconf 88' lang='lat' dir='ltr'>quo</span> <span class='ocrx_word' id='word_1_85' title='bbox 743 1981 912 2031; x_wconf 82' lang='lat' dir='ltr'>sermone</span> <span class='ocrx_word' id='word_1_86' title='bbox 939 1969 976 2030; x_wconf 91' lang='lat' dir='ltr'>et</span> <span class='ocrx_word' id='word_1_87' title='bbox 998 1983 1069 2049; x_wconf 90' lang='lat' dir='ltr'>quo</span> <span class='ocrx_word' id='word_1_88' title='bbox 1095 1963 1202 2032; x_wconf 90' lang='lat' dir='ltr'>metri</span> <span class='ocrx_word' id='word_1_89' title='bbox 1223 1983 1361 2049; x_wconf 84' lang='lat' dir='ltr'>genere</span> <span class='ocrx_word' id='word_1_90' title='bbox 1375 1964 1414 2032; x_wconf 94' lang='lat' dir='ltr'>in</span> 
     </span>
     <span class='ocr_line' id='line_1_14' title="bbox 383 2077 1413 2166; baseline 0.002 -21"><span class='ocrx_word' id='word_1_91' title='bbox 383 2077 545 2165; x_wconf 89' lang='lat' dir='ltr'>antiquis</span> <span class='ocrx_word' id='word_1_92' title='bbox 573 2077 708 2147; x_wconf 85' lang='lat' dir='ltr'>fabulis</span> <span class='ocrx_word' id='word_1_93' title='bbox 732 2078 911 2145; x_wconf 77' lang='lat' dir='ltr'>Phaedrus</span> <span class='ocrx_word' id='word_1_94' title='bbox 937 2097 1025 2146; x_wconf 90' lang='lat' dir='ltr'>usus</span> <span class='ocrx_word' id='word_1_95' title='bbox 1053 2079 1165 2147; x_wconf 84' lang='lat' dir='ltr'>fuerit</span> <span class='ocrx_word' id='word_1_96' title='bbox 1190 2080 1413 2166; x_wconf 83' lang='lat' dir='ltr'>perspicere,</span> 
     </span>
     <span class='ocr_line' id='line_1_15' title="bbox 382 2193 1415 2264; baseline 0.002 -2"><span class='ocrx_word' id='word_1_97' title='bbox 382 2199 458 2262; x_wconf 90' lang='lat' dir='ltr'>tum</span> <span class='ocrx_word' id='word_1_98' title='bbox 481 2193 715 2262; x_wconf 88' lang='lat' dir='ltr'>considerare</span> <span class='ocrx_word' id='word_1_99' title='bbox 736 2212 824 2260; x_wconf 90' lang='lat' dir='ltr'>num</span> <span class='ocrx_word' id='word_1_100' title='bbox 846 2193 974 2260; x_wconf 91' lang='lat' dir='ltr'>eadem</span> <span class='ocrx_word' id='word_1_101' title='bbox 1000 2193 1066 2262; x_wconf 90' lang='lat' dir='ltr'>illa</span> <span class='ocrx_word' id='word_1_102' title='bbox 1087 2194 1127 2262; x_wconf 93' lang='lat' dir='ltr'>in</span> <span class='ocrx_word' id='word_1_103' title='bbox 1153 2194 1288 2264; x_wconf 86' lang='lat' dir='ltr'>fabulis</span> <span class='ocrx_word' id='word_1_104' title='bbox 1310 2196 1415 2264; x_wconf 83' lang='lat' dir='ltr'>novis</span> 
     </span>
     <span class='ocr_line' id='line_1_16' title="bbox 383 2309 1018 2396; baseline -0.002 -20"><span class='ocrx_word' id='word_1_105' title='bbox 383 2309 634 2396; x_wconf 24' lang='lat' dir='ltr'>reperiantur..</span> <span class='ocrx_word' id='word_1_106' title='bbox 1012 2316 1018 2328; x_wconf 75' lang='grc'><em>“</em></span> 
     </span>
    </p>

    <p class='ocr_par' dir='ltr' id='par_1_4' title="bbox 380 2423 1415 2857">
     <span class='ocr_line' id='line_1_17' title="bbox 426 2423 1412 2514; baseline 0.004 -22"><span class='ocrx_word' id='word_1_107' title='bbox 426 2429 514 2503; x_wconf 86' lang='lat' dir='ltr'>Quae</span> <span class='ocrx_word' id='word_1_108' title='bbox 542 2425 594 2494; x_wconf 91' lang='lat' dir='ltr'>ibi</span> <span class='ocrx_word' id='word_1_109' title='bbox 622 2423 880 2493; x_wconf 82' lang='lat' dir='ltr'>desiderantur</span> <span class='ocrx_word' id='word_1_110' title='bbox 908 2425 1078 2513; x_wconf 90' lang='lat' dir='ltr'>equidem</span> <span class='ocrx_word' id='word_1_111' title='bbox 1105 2426 1227 2495; x_wconf 88' lang='lat' dir='ltr'>enitar</span> <span class='ocrx_word' id='word_1_112' title='bbox 1250 2429 1412 2514; x_wconf 84' lang='lat' dir='ltr'>explere,</span> 
     </span>
     <span class='ocr_line' id='line_1_18' title="bbox 382 2537 1414 2625; baseline 0.005 -20"><span class='ocrx_word' id='word_1_113' title='bbox 382 2537 488 2625; x_wconf 89' lang='lat' dir='ltr'>eique</span> <span class='ocrx_word' id='word_1_114' title='bbox 506 2537 559 2606; x_wconf 91' lang='lat' dir='ltr'>rei</span> <span class='ocrx_word' id='word_1_115' title='bbox 576 2539 727 2608; x_wconf 87' lang='lat' dir='ltr'>studebo</span> <span class='ocrx_word' id='word_1_116' title='bbox 744 2545 795 2622; x_wconf 88' lang='lat' dir='ltr'>ut,</span> <span class='ocrx_word' id='word_1_117' title='bbox 810 2538 887 2607; x_wconf 87' lang='lat' dir='ltr'>sive</span> <span class='ocrx_word' id='word_1_118' title='bbox 901 2538 1105 2608; x_wconf 87' lang='lat' dir='ltr'>orationem</span> <span class='ocrx_word' id='word_1_119' title='bbox 1121 2540 1197 2608; x_wconf 89' lang='lat' dir='ltr'>sive</span> <span class='ocrx_word' id='word_1_120' title='bbox 1210 2541 1414 2610; x_wconf 85' lang='lat' dir='ltr'>carminum</span> 
     </span>
     <span class='ocr_line' id='line_1_19' title="bbox 380 2651 1415 2739; baseline 0.004 -20"><span class='ocrx_word' id='word_1_121' title='bbox 380 2651 544 2720; x_wconf 89' lang='lat' dir='ltr'>rationes</span> <span class='ocrx_word' id='word_1_122' title='bbox 559 2652 794 2739; x_wconf 86' lang='lat' dir='ltr'>spectaveris,</span> <span class='ocrx_word' id='word_1_123' title='bbox 808 2659 951 2720; x_wconf 87' lang='lat' dir='ltr'>veteres</span> <span class='ocrx_word' id='word_1_124' title='bbox 967 2659 1003 2720; x_wconf 87' lang='lat' dir='ltr'>et</span> <span class='ocrx_word' id='word_1_125' title='bbox 1017 2672 1130 2722; x_wconf 89' lang='lat' dir='ltr'>novas</span> <span class='ocrx_word' id='word_1_126' title='bbox 1147 2656 1302 2724; x_wconf 82' lang='lat' dir='ltr'>fabellas</span> <span class='ocrx_word' id='word_1_127' title='bbox 1317 2655 1415 2723; x_wconf 89' lang='lat' dir='ltr'>inter</span> 
     </span>
     <span class='ocr_line' id='line_1_20' title="bbox 380 2769 1414 2857; baseline 0.001 -19"><span class='ocrx_word' id='word_1_128' title='bbox 380 2790 419 2838; x_wconf 89' lang='lat' dir='ltr'>se</span> <span class='ocrx_word' id='word_1_129' title='bbox 435 2769 643 2837; x_wconf 88' lang='lat' dir='ltr'>simillimas</span> <span class='ocrx_word' id='word_1_130' title='bbox 660 2788 740 2837; x_wconf 90' lang='lat' dir='ltr'>esse</span> <span class='ocrx_word' id='word_1_131' title='bbox 755 2771 877 2856; x_wconf 89' lang='lat' dir='ltr'>palam</span> <span class='ocrx_word' id='word_1_132' title='bbox 893 2775 1079 2857; x_wconf 77' lang='lat' dir='ltr'>appareat,</span> <span class='ocrx_word' id='word_1_133' title='bbox 1094 2790 1226 2857; x_wconf 90' lang='lat' dir='ltr'>neque,</span> <span class='ocrx_word' id='word_1_134' title='bbox 1241 2778 1281 2839; x_wconf 92' lang='lat' dir='ltr'>ut</span> <span class='ocrx_word' id='word_1_135' title='bbox 1295 2772 1414 2839; x_wconf 83' lang='lat' dir='ltr'>facete</span> 
     </span>
    </p>
   </div>
   <div class='ocr_carea' id='block_1_3' title="bbox 379 2882 1413 3087">
    <p class='ocr_par' dir='ltr' id='par_1_5' title="bbox 379 2882 1413 3087">
     <span class='ocr_line' id='line_1_21' title="bbox 379 2882 1413 2969; baseline 0.001 -18"><span class='ocrx_word' id='word_1_136' title='bbox 379 2883 514 2952; x_wconf 90' lang='lat' dir='ltr'>dixerit</span> <span class='ocrx_word' id='word_1_137' title='bbox 536 2882 717 2952; x_wconf 88' lang='lat' dir='ltr'>Lucianus</span> <span class='ocrx_word' id='word_1_138' title='bbox 739 2886 908 2969; x_wconf 89' lang='lat' dir='ltr'>Mueller,</span> <span class='ocrx_word' id='word_1_139' title='bbox 939 2905 1089 2953; x_wconf 82' lang='lat' dir='ltr'>«ovum</span> <span class='ocrx_word' id='word_1_140' title='bbox 1115 2907 1182 2955; x_wconf 92' lang='lat' dir='ltr'>ovo</span> <span class='ocrx_word' id='word_1_141' title='bbox 1206 2886 1368 2955; x_wconf 87' lang='lat' dir='ltr'>similius</span> <span class='ocrx_word' id='word_1_142' title='bbox 1392 2909 1413 2952; x_wconf 90' lang='lat'>»</span> 
     </span>
     <span class='ocr_line' id='line_1_22' title="bbox 379 2996 571 3087; baseline 0.005 -23"><span class='ocrx_word' id='word_1_143' title='bbox 379 2997 496 3066; x_wconf 88' lang='lat' dir='ltr'>videri</span> <span class='ocrx_word' id='word_1_144' title='bbox 512 2996 571 3087; x_wconf 79' lang='lat'>(2).</span> 
     </span>
    </p>
   </div>
   <div class='ocr_carea' id='block_1_4' title="bbox 635 3184 1154 3254">
    <p class='ocr_par' dir='ltr' id='par_1_6' title="bbox 635 3184 1154 3254">
     <span class='ocr_line' id='line_1_23' title="bbox 635 3184 1154 3254; baseline 0.006 -4"><span class='ocrx_word' id='word_1_145' title='bbox 635 3184 663 3250; x_wconf 92' lang='grc' dir='ltr'>Ι.</span> <span class='ocrx_word' id='word_1_146' title='bbox 689 3218 733 3235; x_wconf 93' lang='grc'>-</span> <span class='ocrx_word' id='word_1_147' title='bbox 756 3202 803 3252; x_wconf 82' lang='lat' dir='ltr'>nu</span> <span class='ocrx_word' id='word_1_148' title='bbox 826 3202 971 3253; x_wconf 78' lang='lat' dir='ltr'>ulcuunr</span> <span class='ocrx_word' id='word_1_149' title='bbox 994 3203 1154 3254; x_wconf 78' lang='lat' dir='ltr'>annuns.</span> 
     </span>
    </p>
   </div>
   <div class='ocr_carea' id='block_1_5' title="bbox 375 3443 1415 3993">
    <p class='ocr_par' dir='ltr' id='par_1_7' title="bbox 375 3443 1415 3993">
     <span class='ocr_line' id='line_1_24' title="bbox 421 3443 1415 3529; baseline 0.004 -17"><span class='ocrx_word' id='word_1_150' title='bbox 421 3446 476 3512; x_wconf 87' lang='lat' dir='ltr'>Ita</span> <span class='ocrx_word' id='word_1_151' title='bbox 495 3443 641 3512; x_wconf 87' lang='lat' dir='ltr'>dicendi</span> <span class='ocrx_word' id='word_1_152' title='bbox 659 3463 797 3529; x_wconf 86' lang='lat' dir='ltr'>genere</span> <span class='ocrx_word' id='word_1_153' title='bbox 817 3444 958 3513; x_wconf 88' lang='lat' dir='ltr'>similes</span> <span class='ocrx_word' id='word_1_154' title='bbox 979 3450 1065 3512; x_wconf 89' lang='lat' dir='ltr'>sunt</span> <span class='ocrx_word' id='word_1_155' title='bbox 1083 3449 1226 3514; x_wconf 89' lang='lat' dir='ltr'>veteres</span> <span class='ocrx_word' id='word_1_156' title='bbox 1246 3466 1288 3514; x_wconf 89' lang='lat' dir='ltr'>ac</span> <span class='ocrx_word' id='word_1_157' title='bbox 1304 3467 1415 3517; x_wconf 88' lang='lat' dir='ltr'>novae</span> 
     </span>
     <span class='ocr_line' id='line_1_25' title="bbox 376 3558 1415 3645; baseline 0.003 -19"><span class='ocrx_word' id='word_1_158' title='bbox 376 3559 525 3642; x_wconf 83' lang='lat' dir='ltr'>fabulae,</span> <span class='ocrx_word' id='word_1_159' title='bbox 550 3564 589 3625; x_wconf 93' lang='lat' dir='ltr'>ut</span> <span class='ocrx_word' id='word_1_160' title='bbox 610 3558 734 3626; x_wconf 89' lang='lat' dir='ltr'>omnia</span> <span class='ocrx_word' id='word_1_161' title='bbox 753 3578 798 3626; x_wconf 90' lang='lat' dir='ltr'>ea</span> <span class='ocrx_word' id='word_1_162' title='bbox 820 3580 902 3645; x_wconf 90' lang='lat' dir='ltr'>quae</span> <span class='ocrx_word' id='word_1_163' title='bbox 925 3558 1061 3627; x_wconf 91' lang='lat' dir='ltr'>inillis</span> <span class='ocrx_word' id='word_1_164' title='bbox 1082 3559 1354 3628; x_wconf 89' lang='lat' dir='ltr'>observavimus</span> <span class='ocrx_word' id='word_1_165' title='bbox 1372 3560 1415 3629; x_wconf 94' lang='lat' dir='ltr'>in</span> 
     </span>
     <span class='ocr_line' id='line_1_26' title="bbox 376 3673 1414 3762; baseline 0.004 -21"><span class='ocrx_word' id='word_1_166' title='bbox 376 3674 434 3741; x_wconf 87' lang='lat' dir='ltr'>his</span> <span class='ocrx_word' id='word_1_167' title='bbox 451 3693 594 3760; x_wconf 89' lang='lat' dir='ltr'>quoque</span> <span class='ocrx_word' id='word_1_168' title='bbox 611 3673 955 3742; x_wconf 88' lang='lat' dir='ltr'>animadvertamus.</span> <span class='ocrx_word' id='word_1_169' title='bbox 974 3676 1112 3761; x_wconf 89' lang='lat' dir='ltr'>Nempe</span> <span class='ocrx_word' id='word_1_170' title='bbox 1128 3674 1223 3742; x_wconf 86' lang='lat' dir='ltr'>siout</span> <span class='ocrx_word' id='word_1_171' title='bbox 1238 3675 1414 3762; x_wconf 88' lang='lat' dir='ltr'>antiquas</span> 
     </span>
     <span class='ocr_line' id='line_1_27' title="bbox 375 3784 1412 3876; baseline 0.004 -21"><span class='ocrx_word' id='word_1_172' title='bbox 375 3789 519 3857; x_wconf 80' lang='lat' dir='ltr'>fabulas</span> <span class='ocrx_word' id='word_1_173' title='bbox 539 3787 591 3855; x_wconf 87' lang='lat' dir='ltr'>ita</span> <span class='ocrx_word' id='word_1_174' title='bbox 606 3808 718 3857; x_wconf 88' lang='lat' dir='ltr'>novas</span> <span class='ocrx_word' id='word_1_175' title='bbox 733 3784 817 3856; x_wconf 90' lang='lat' dir='ltr'>ideo</span> <span class='ocrx_word' id='word_1_176' title='bbox 833 3788 952 3876; x_wconf 87' lang='lat' dir='ltr'>possis</span> <span class='ocrx_word' id='word_1_177' title='bbox 971 3789 1101 3858; x_wconf 92' lang='lat' dir='ltr'>merito</span> <span class='ocrx_word' id='word_1_178' title='bbox 1123 3792 1412 3876; x_wconf 84' lang='lat' dir='ltr'>reprehendere,</span> 
     </span>
     <span class='ocr_line' id='line_1_28' title="bbox 376 3904 1413 3993; baseline 0.006 -21"><span class='ocrx_word' id='word_1_179' title='bbox 376 3904 461 3991; x_wconf 87' lang='lat' dir='ltr'>quia</span> <span class='ocrx_word' id='word_1_180' title='bbox 481 3906 696 3993; x_wconf 87' lang='lat' dir='ltr'>plerumque</span> <span class='ocrx_word' id='word_1_181' title='bbox 716 3905 792 3973; x_wconf 91' lang='lat' dir='ltr'>sint</span> <span class='ocrx_word' id='word_1_182' title='bbox 810 3905 975 3992; x_wconf 82' lang='lat' dir='ltr'>frigidae,</span> <span class='ocrx_word' id='word_1_183' title='bbox 999 3906 1132 3992; x_wconf 87' lang='lat' dir='ltr'>exiles,</span> <span class='ocrx_word' id='word_1_184' title='bbox 1154 3909 1309 3993; x_wconf 86' lang='lat' dir='ltr'>jejunae,</span> <span class='ocrx_word' id='word_1_185' title='bbox 1333 3928 1413 3978; x_wconf 91' lang='lat' dir='ltr'>non</span> 
     </span>
    </p>
   </div>
   <div class='ocr_carea' id='block_1_6' title="bbox 411 4176 895 4330">
    <p class='ocr_par' dir='ltr' id='par_1_8' title="bbox 411 4176 895 4330">
     <span class='ocr_line' id='line_1_29' title="bbox 411 4176 895 4248; baseline 0.002 -18"><span class='ocrx_word' id='word_1_186' title='bbox 411 4176 450 4244; x_wconf 81' lang='lat' dir='ltr'>(t)</span> <span class='ocrx_word' id='word_1_187' title='bbox 470 4176 502 4232; x_wconf 91' lang='lat' dir='ltr'>L.</span> <span class='ocrx_word' id='word_1_188' title='bbox 519 4176 670 4233; x_wconf 84' lang='lat' dir='ltr'>Hervieux</span> <span class='ocrx_word' id='word_1_189' title='bbox 684 4178 706 4233; x_wconf 89' lang='lat' dir='ltr'>I.</span> <span class='ocrx_word' id='word_1_190' title='bbox 722 4192 751 4248; x_wconf 95' lang='lat' dir='ltr'>p.</span> <span class='ocrx_word' id='word_1_191' title='bbox 772 4177 832 4247; x_wconf 80' lang='lat'>174,</span> <span class='ocrx_word' id='word_1_192' title='bbox 849 4191 895 4247; x_wconf 83' lang='lat' dir='ltr'>sq.</span> 
     </span>
     <span class='ocr_line' id='line_1_30' title="bbox 411 4258 660 4330; baseline 0.004 -16"><span class='ocrx_word' id='word_1_193' title='bbox 411 4258 450 4329; x_wconf 77' lang='lat'>(2)</span> <span class='ocrx_word' id='word_1_194' title='bbox 470 4260 558 4315; x_wconf 82' lang='lat' dir='ltr'>Praei.</span> <span class='ocrx_word' id='word_1_195' title='bbox 578 4276 611 4330; x_wconf 91' lang='lat' dir='ltr'>p.</span> <span class='ocrx_word' id='word_1_196' title='bbox 630 4260 660 4315; x_wconf 87' lang='lat'>6.</span> 
     </span>
    </p>
   </div>
   <div class='ocr_carea' id='block_1_7' title="bbox 0 0 1572 5100">
    <p class='ocr_par' dir='ltr' id='par_1_9' title="bbox 0 0 1572 5100">
     <span class='ocr_line' id='line_1_31' title="bbox 0 0 1572 5100; baseline 0 2"><span class='ocrx_word' id='word_1_197' title='bbox 0 0 1572 5100; x_wconf 95' lang='lat' dir='ltr'> </span> 
     </span>
    </p>
   </div>
  </div>
 </body>
</html>
