3134 5100
777 484 936 546 „14-

342 645 514 714 videntur
535 645 698 732 ostendi3
722 665 797 714 non
817 666 906 715 vero
929 666 994 716 eas
1021 667 1104 716 esse
1131 668 1259 718 omnes
1287 650 1374 720 illas

343 762 491 831 dicendi
518 761 672 830 virtutes
705 762 894 847 existimo,
924 769 964 832 ut
996 765 1273 850 gravissimum,
1301 787 1373 853 quo

345 877 508 961 ejusdem
524 873 636 943 dictio
653 876 808 959 laborat,
823 874 953 943 vitium
965 877 1108 964 possint
1119 898 1371 966 compensare.

344 993 529 1058 Praetereo
552 989 812 1058 obscuritatem
836 990 875 1056 in
903 1010 1024 1077 quam,
1049 993 1134 1059 dum
1157 994 1373 1062 brevitatem

343 1107 422 1172 vult
445 1105 634 1192 consequi,
658 1105 843 1173 interdum
871 1109 1050 1175 Phaedrus
1076 1108 1213 1176 decidit
1240 1128 1248 1178 ε
1278 1112 1374 1196 quod

345 1222 492 1311 quidem
518 1222 557 1289 in
586 1221 687 1290 hisce
714 1222 883 1290 versibus
911 1224 1177 1310 deprehendas
1209 1226 1271 1294 ubi
1300 1233 1374 1294 tam

345 1339 459 1406 densa
479 1343 564 1406 sunt
583 1337 706 1405 omnia
723 1345 760 1405 et
780 1342 969 1405 contracta
990 1344 1121 1409 utnon
1141 1341 1264 1427 facile,
1287 1342 1374 1429 quid

345 1457 452 1538 poeta
466 1449 625 1519 voluerit
637 1450 773 1535 dicere,
789 1449 962 1536 expedias
978 1469 987 1519 :

454 1618 467 1652 r
487 1601 570 1655 hnus
582 1601 683 1669 jacere
697 1601 770 1655 vidit
785 1604 906 1669 epotam
920 1602 1096 1670 amphoram

486 1694 592 1748 Adhuc
607 1694 741 1749 Falerna
754 1693 837 1764 faece
851 1710 867 1746 e
883 1697 959 1748 testa
971 1695 1067 1750 nobiti

489 1790 620 1846 Odorem
634 1805 703 1858 quae
712 1790 879 1858 jucundum
893 1791 952 1845 late
967 1797 1126 1861 spargeret
1140 1792 1189 1862 (t).
1211 1812 1226 1843 »

1123 1889 1151 1944 3.
1168 1889 1194 1959 t,
1211 1889 1267 1945 td.

347 2002 423 2068 Hoc
438 1998 549 2067 etiam
562 1998 702 2084 omitte,
716 2000 913 2067 Phaedrum
932 1998 984 2066 ita
997 2000 1192 2068 verborum
1209 2000 1378 2069 ordinem

347 2133 610 2202 nonnunquam
642 2119 865 2200 pervertere,
884 2113 936 2180 'ut
968 2119 1135 2182 contorta
1166 2116 1230 2182 fiat
1259 2115 1377 2182 oratio

346 2249 466 2317 neque
492 2229 578 2298 iude
605 2229 804 2316 quidquam
829 2228 1090 2296 concinnitatis
1116 2229 1375 2316 percipiatur:

347 2346 457 2431 quod,
474 2348 514 2411 ut
528 2345 694 2430 exemplo
710 2347 804 2426 utar,
819 2341 858 2409 in
872 2342 930 2409 his
946 2343 1171 2410 carminibus
1182 2344 1376 2412 observes:

456 2519 469 2550 «
490 2500 591 2569 Equus
606 2500 715 2556 sedare
730 2498 837 2555 solitus
853 2511 912 2567 quo
926 2498 1024 2554 tuerat
1040 2499 1130 2568 sitim,

488 2600 565 2654 Dum
580 2613 651 2654 sese
666 2613 740 2667 aper
752 2599 876 2667 volutat,
892 2598 1021 2652 turbavit
1035 2598 1157 2652 vadum.
1178 2616 1192 2647 »

968 2692 996 2749 4.
1012 2692 1040 2762 4,
1056 2691 1083 2762 1,
1100 2708 1146 2760 sq.

346 2812 456 2882 Aliud
477 2831 564 2882 vero
589 2816 644 2880 est
664 2813 778 2879 multo
802 2812 951 2897 gravius
973 2811 1012 2878 in
1036 2810 1184 2879 Phaedri
1213 2811 1378 2878 oratione

346 2924 489 3011 vitium,
516 2944 632 3011 eoque
657 2924 861 3008 molestius
883 2925 978 3010 quod
1002 2924 1042 2991 in
1065 2924 1234 2993 omnibus
1257 2922 1379 3010 operis

348 3041 513 3129 partibus
529 3039 817 3125 deprehenditur
832 3057 839 3107 :
857 3057 988 3125 nempe
1005 3038 1124 3108 siccus
1139 3045 1195 3107 est
1210 3040 1377 3126 plerum-

349 3175 419 3243 que
449 3156 626 3223 Phaedrus
656 3174 698 3221 ac
721 3156 874 3239 Jejunus
903 3173 1022 3240 neque
1050 3152 1082 3221 is
1109 3159 1149 3219 ut
1176 3152 1378 3238 legentium

349 3271 491 3339 animos
507 3270 622 3357 possit
637 3270 817 3337 detinere.

392 3389 409 3453 J
414 3387 545 3471 ejunus
561 3388 616 3452 est
632 3383 718 3471 quia
733 3404 754 3451 a
767 3381 991 3451 narrationis
1004 3381 1188 3469 principio
1201 3399 1316 3466 usque
1334 3380 1380 3447 ad

349 3503 460 3568 finem
475 3498 634 3567 celerius
649 3502 821 3586 properat
836 3517 955 3584 neque
970 3495 1070 3565 circa
1084 3516 1144 3564 res
1159 3514 1222 3565 eas
1237 3514 1320 3582 quae
1334 3495 1379 3561 ad

385 3775 424 3845 (t)
443 3775 587 3844 Exemplo
601 3775 641 3829 sit
656 3787 778 3842 quoque
794 3772 844 3827 hic
856 3786 965 3827 versus

550 3899 563 3927 «
579 3884 700 3929 Dictorum
710 3895 799 3927 sensus
809 3887 835 3926 ut
846 3881 952 3927 delectet
962 3882 1067 3926 varietas
1076 3896 1090 3925 »
1099 3881 1120 3925 2.
1131 3881 1196 3925 Prol.
1207 3882 1241 3935 10,

350 3998 442 4053 quem
456 3984 542 4037 aliter
563 3986 654 4050 atque
673 3982 758 4035 aliter
776 3980 879 4049 possis
897 3979 1098 4048 interpretari,
1115 3979 1179 4033 sive
1200 3997 1214 4028 a
1231 3976 1382 4031 dictorum

349 4065 480 4121 varietus
496 4066 622 4119 delectet
640 4081 740 4118 seusus
762 4082 775 4115 t
798 4064 964 4132 intelligaS,
987 4064 1051 4118 sive
1071 4081 1085 4113 a
1104 4060 1236 4115 varietus
1255 4061 1382 4115 delectet

349 4168 451 4207 sersus
471 4150 621 4205 dictorum
641 4166 676 4220 »3
700 4149 761 4203 imo
785 4149 866 4203 haud
889 4149 952 4202 scio
974 4162 1012 4201 an
1032 4148 1173 4201 eumdem
1196 4161 1318 4201 versum
1341 4146 1383 4200 ita

350 4238 452 4309 possis
468 4239 648 4308 explanare:
667 4255 680 4287 r
695 4232 827 4289 varietas
840 4249 941 4288 seusus
955 4231 1105 4288 dictorum
1119 4232 1245 4287 delectet
1259 4248 1285 4288 a.
