3134 5100
772 533 931 594 ...9ο-

333 715 431 783 saepe
448 696 610 781 aequales
626 693 834 780 delinquat,
849 693 900 762 ibi
915 694 1095 762 Phaedrus
1108 693 1153 760 ab
1167 691 1266 759 omni
1278 690 1369 758 vitio

334 809 507 896 loquendi
530 808 704 877 immunis
725 815 779 876 est
801 827 809 876 :
835 809 901 892 sic,
929 816 968 875 ut
990 813 1113 876 cetera
1134 796 1311 889 omitta'm,
1329 805 1369 872 in

334 926 403 992 boc
423 923 506 1010 puri
528 923 708 991 sermonis
731 921 850 1008 magis
871 922 1056 990 studiosus
1079 920 1283 1007 aequalibus
1305 920 1366 986 vi-

334 1038 453 1119 detur,
471 1038 566 1122 quod
582 1054 669 1120 non,
687 1042 868 1103 uteorum
890 1034 1071 1121 plerique,
1091 1033 1204 1101 verba
1224 1033 1371 1098 intran-

336 1151 443 1220 sitiva
462 1150 653 1218 transitive
675 1157 827 1236 usurpat
845 1169 965 1236 neque
989 1148 1182 1236 participio
1205 1149 1369 1216 nonnul-

336 1266 454 1332 lorum
486 1263 746 1350 deponentium
781 1263 976 1331 verborum
1006 1262 1188 1349 passivam
1203 1261 1369 1348 impertit

337 1378 658 1464 significationem.

381 1507 481 1583 Quod
498 1507 542 1572 ad
559 1525 664 1573 casus
681 1504 823 1588 attinet,
841 1504 966 1591 aliqua
986 1504 1120 1572 delicta
1136 1503 1369 1571 animadver-

337 1618 472 1687 timus:
500 1619 552 1686 sio
574 1620 724 1687 verbum
751 1637 975 1703 «rogare»,
998 1619 1056 1685 vel
1080 1638 1162 1685 cum
1186 1619 1370 1704 postulata

338 1751 397 1798 res
414 1731 577 1818 quolibet
591 1731 739 1798 nomine
757 1731 983 1816 enuntiatur,
1004 1751 1087 1798 cnm
1102 1731 1244 1799 duobus
1260 1751 1371 1800 accu-

339 1845 465 1913 sativis
487 1846 680 1931 conjungit
689 1866 698 1931 3
722 1847 833 1914 verbo
858 1846 1028 1913 «vesci»
1052 1846 1370 1933 intransitivisquc

337 1960 479 2042 verbiS,
515 1979 533 2026 e
563 1960 824 2046 praepositione
855 1960 1087 2047 compositis,
1121 1962 1370 2029 accusativum

340 2072 529 2158 adjungit;
555 2078 631 2139 tum
658 2073 921 2141 ablativo-solo
944 2073 1023 2140 sine
1046 2073 1370 2159 praepositionibus

341 2208 359 2250 ‹<
375 2185 427 2270 in,
445 2205 478 2270 a,
499 2204 531 2260 e.
549 2187 627 2253 de»
652 2186 766 2253 ulitur
781 2189 826 2254 ad
843 2188 943 2254 locos
966 2195 1002 2255 et
1023 2187 1084 2256 ubi
1107 2193 1162 2255 est
1184 2187 1318 2273 aliquis
1334 2195 1372 2255 et

339 2300 436 2366 unde
466 2298 547 2384 quis
577 2298 716 2365 recedit
741 2299 990 2384 designandos
1018 2318 1026 2367 :
1058 2302 1122 2366 sed
1153 2300 1276 2367 omnia
1303 2301 1370 2367 illa
1444 2324 1448 2332 ·

340 2413 434 2498 apud
457 2412 652 2498 plerosque
676 2431 816 2496 corum,
843 2413 905 2498 qui
928 2418 1012 2479 ante
1035 2412 1182 2480 Phaedri
1206 2419 1371 2499 tempora

340 2524 578 2611 scripserunt,
609 2525 855 2612 reperiuntur.
892 2527 992 2593 Adde
1022 2527 1116 2612 quod
1147 2527 1260 2594 multa
1287 2532 1374 2594 sunt

340 2637 536 2723 eloquendi
559 2636 648 2705 vitia
674 2641 768 2723 apud
792 2639 955 2725 aequales
978 2657 1019 2706 ac
1040 2638 1194 2724 priores,
1221 2658 1302 2724 quae
1325 2659 1373 2706 ne

340 2752 454 2818 semel
483 2751 628 2837 quidem
654 2754 749 2839 apud
776 2753 973 2820 Phaedrum
1000 2759 1211 2838 apparent:
1241 2772 1373 2838 nempe

341 2884 414 2933 non
432 2871 470 2932 ut
486 2866 683 2953 scriptores
697 2867 753 2934 illi
767 2867 818 2934 ita
830 2869 964 2934 Noster
975 2866 1098 2936 verbis
1114 2866 1372 2949 intransitivis,

341 2997 423 3046 cum
443 2978 627 3065 simplicia
647 2987 744 3062 sunt,
766 2980 1014 3048 accusativum
1038 2979 1228 3065 adjnngit3
1252 3000 1374 3066 neque

341 3099 423 3179 post
451 3095 563 3161 verba
592 3103 728 3161 motum
749 3093 961 3162 indicantia
998 3094 1159 3162 dativum
1195 3094 1372 3179 adhibet,

342 3226 460 3293 neque
478 3208 644 3276 neutrius
660 3208 810 3292 generis
826 3208 1006 3293 adjectiva
1020 3228 1103 3275 cum
1117 3206 1279 3291 genitivo
1293 3227 1377 3294 par-

342 3321 445 3388 titivo
469 3328 642 3408 usurpat3
670 3342 789 3409 neque
813 3328 941 3391 contra
966 3322 1084 3407 illum,
1112 3322 1174 3409 qui
1197 3324 1377 3390 absolutus

342 3440 505 3518 vocatur,
522 3434 721 3508 ablativum
737 3434 936 3521 quidquam
952 3434 1145 3521 delinquit.

387 3562 592 3628 Verborum
627 3562 852 3647 temporibus
889 3561 953 3628 alii
992 3560 1189 3647 aequalium
1219 3561 1377 3627 Phaedro

343 3676 561 3763 scriptorum
578 3677 687 3744 aliter
701 3677 832 3746 vitiose
848 3681 1011 3760 utuntur,
1035 3676 1097 3762 qui
1124 3695 1196 3742 non
1214 3676 1319 3741 modo
1336 3674 1378 3741 in

343 3791 592 3876 compluribus
602 3793 766 3876 ejusdem
780 3790 920 3858 ordinis
930 3791 1124 3857 verborum
1138 3788 1378 3874 comprehen-

343 3903 509 3972 sionibus
524 3903 668 3971 varient
687 3909 864 3989 tempora,
889 3904 951 3970 sed
971 3902 1096 3979 etiam,
1119 3921 1201 3968 cum
1217 3902 1255 3968 in
1271 3921 1376 3987 prae-

343 4019 451 4105 cipua
465 4019 659 4087 verborum
675 4016 952 4086 continuatione
973 4017 1021 4084 sit
1040 4017 1202 4082 futurum
1217 4024 1376 4103 tempuS,

281 4202 285 4210 ,
344 4148 509 4217 praesens
524 4136 605 4216 post
621 4130 712 4197 «si»
731 4136 919 4215 usurpent.
933 4132 1020 4206 Quae
1034 4147 1080 4195 ne
1097 4129 1211 4196 semel
1227 4127 1378 4215 quidem

344 4242 384 4310 in
400 4242 555 4311 Phaedro
572 4242 834 4329 reprehendas.
