3134 5100
407 237 600 330 adnm
623 276 627 287 ·

472 323 508 366 α
525 327 584 373 ΤΗΙ

391 377 660 514 υΝΝΕέἒΘΙῘΥ
720 448 723 453 .

322 710 336 742 a
356 690 478 746 Intrare
495 691 520 747 si
535 706 691 746 masuram
707 688 801 746 limen
817 676 943 761 cogitas,
961 711 974 742 a

832 789 858 844 3.
875 790 952 846 Prol.
970 787 1012 845 16.

179 882 242 944 aut

323 1010 336 1042 r
356 989 394 1045 Ia
411 991 588 1058 (musarum)
609 993 715 1044 coetum
728 988 869 1061 recipior.
891 1009 905 1040 1>

872 1089 946 1144 Ibid.
967 1087 1012 1144 93.

181 1230 381 1300 Ambitiosa
403 1249 490 1298 vero
517 1236 572 1300 est
592 1230 820 1318 nimiumque
849 1230 1031 1317 exquisita
1049 1230 1210 1301 Vitruvii

184 1344 311 1428 oratio,
333 1364 416 1412 cum
439 1363 501 1412 eos
526 1345 670 1412 demum
694 1363 801 1430 posse
827 1363 866 1412 se
891 1344 1021 1413 merito
1044 1344 1209 1431 profiteri

183 1460 399 1529 architectos
421 1459 608 1547 praedicat,
627 1459 689 1547 qui
711 1460 917 1544 «preditus
937 1461 1210 1546 disciplinarum

179 1575 375 1643 scandendo
388 1575 622 1661 pervenerint
640 1576 687 1642 ad
706 1595 886 1643 summurn
903 1576 1072 1661 templum
1085 1574 1211 1642 arcat-

182 1693 330 1756 teetarce
353 1711 371 1754 »
396 1688 455 1776 (l).
480 1688 585 1773 Quid,
610 1689 705 1775 quod
728 1689 942 1774 Propertius
966 1689 1044 1776 ipse
1071 1707 1145 1757 non
1171 1692 1211 1754 ut

179 1803 358 1870 Phaedrus
380 1801 460 1870 sine
482 1803 558 1868 ulla
581 1801 750 1870 molestia
776 1801 866 1871 dicit
889 1821 897 1870 :
921 1822 1030 1888 «par
1050 1822 1121 1870 esse
1139 1802 1212 1869 ali-

177 1918 265 1984 ani»
278 1916 324 2005 (2)
341 1925 404 1985 eut
420 1917 608 2004 «alicujus
619 1920 756 2002 samam
767 1919 935 2002 assequi»
950 1917 1010 2008 (3),
1026 1919 1088 1987 sed
1106 1938 1212 2004 quee-

179 2033 261 2102 sitis
277 2033 358 2102 istis
374 2033 632 2120 arcessitisque
647 2033 770 2102 verbis
786 2032 901 2101 utitur
917 2052 926 2102 :

290 2223 303 2255 α
324 2203 451 2292 Ceesaris
463 2207 494 2258 et
508 2202 597 2272 famae
609 2177 734 2273 aesttpia
742 2201 852 2270 juncta
868 2200 1025 2257 tenebiel»
1038 2201 1077 2271 (l)

180 2350 293 2434 Quid,
323 2352 418 2436 quod
446 2350 484 2417 in
508 2351 603 2417 hauc
626 2348 790 2417 odiosum
819 2353 856 2416 et
881 2348 1045 2435 putidam
1073 2347 1211 2417 decidit

181 2465 386 2534 orationem
404 2483 411 2532 :

290 2646 303 2678 e
325 2628 448 2696 Cynthia
461 2627 557 2696 prima
572 2626 635 2682 suis
649 2627 794 2681 miserum
810 2640 859 2681 me
878 2626 958 2695 cepit
973 2626 1076 2681 ocellis

323 2722 364 2778 Et
378 2727 467 2795 caput
481 2722 628 2795 impositis
638 2721 749 2794 pressit
761 2722 856 2777 Aaron
864 2721 1001 2794 pedibas.
1018 2740 1031 2773 n

844 2820 866 2874 I.
882 2819 909 2889 l,
925 2818 953 2889 l,
970 2834 1017 2888 sq.

183 2959 270 3034 Quae
301 2956 415 3022 multo
444 2952 649 3041 simplicius
678 2957 714 3021 et
741 2952 863 3039 aptius
892 2953 988 3039 apud
1017 2953 1213 3020 Phaedrum

183 3088 355 3158 expressa
369 3069 495 3137 videas
512 3086 520 3137 :

291 3239 305 3275 e
325 3221 428 3276 AEtatis
444 3222 553 3276 mediae
567 3221 728 3290 quemdam
744 3220 851 3275 mulier
864 3232 923 3274 non
938 3219 1022 3274 rudis

328 3316 454 3371 Tenebat
468 3330 564 3371 annos
579 3317 682 3371 celans
698 3316 848 3384 elegantia

325 3411 510 3480 Animosque
525 3410 661 3479 eJusdem
676 3410 801 3479 pulchra
815 3409 934 3478 juvenis
945 3411 1074 3479 ceperat.
1091 3424 1105 3460 u

998 3503 1025 3558 2.
1041 3502 1068 3573 2,
1083 3502 1141 3557 2-4.

228 3644 316 3719 Quee
344 3639 383 3706 in
414 3636 561 3707 Phaedri
591 3635 758 3706 oratione
789 3636 973 3703 laudanda
1004 3653 1086 3702 esse
1122 3632 1213 3702 mihi

221 3937 260 4005 (l)
278 3936 401 3991 vitruvii
415 3950 517 4004 opera.
533 3934 618 3990 Edid.
633 3934 809 3990 Valentinus
820 3933 901 3988 Rose
912 3937 943 3988 et
952 3934 1084 3988 Hermen
1095 3932 1215 3988 Mitller-

189 4019 336 4089 Strubing,
352 4020 461 4088 Lipsiee
476 4016 556 4073 1867.
573 4032 641 4088 pag.
659 4016 685 4073 7.

223 4102 260 4172 (a)
280 4104 302 4159 l.
319 4102 364 4173 le,
379 4102 424 4157 10.

224 4186 397 4257 mana

224 4272 261 4343 (4)
280 4273 368 4347 Prop.
383 4272 410 4331 ll.
425 4272 452 4343 8,
467 4270 503 4328 33
517 4271 608 4343 (edid.
625 4270 774 4328 Lucienus
789 4269 923 4325 Mueller.
937 4267 1047 4339 Lipsiae
1061 4263 1141 4322 1874.
