3134 5100
475 587 477 594 ,
572 518 733 582 -97-

142 679 228 749 33113
248 697 488 768 personarum
512 680 708 768 colloquiis
734 685 925 766 recreatae,
948 681 1072 752 omnia
1095 686 1165 752 de-

141 794 248 882 nique
275 815 318 864 aa
345 795 467 864 desint
489 815 571 882 quae
593 795 754 883 lepidam
776 816 818 864 ac
842 797 1009 867 festivam
1030 817 1165 868 narra-

141 911 274 981 tionem
302 912 465 981 efficiant
493 930 500 981 :
533 914 627 1000 quod
656 913 695 981 in
724 913 778 982 eis
809 934 891 1001 quae
921 937 940 980 3
968 917 1103 984 Simius
1130 922 1167 985 et

146 1027 269 1111 Vulpes
284 1049 303 1092 1
319 1026 366 1115 (1)
387 1030 551 1094 «Pastor
566 1032 604 1096 et
619 1028 792 1113 Capella»
809 1027 855 1117 (2)
872 1028 1062 1116 inscriptae
1081 1034 1167 1099 sunt

139 1142 285 1227 fabulae,
302 1144 473 1211 observes
492 1159 500 1211 :
519 1162 601 1230 quaa
617 1142 667 1210 ita
683 1144 813 1213 breves
828 1149 914 1212 sunt
930 1149 967 1212 et
981 1144 1165 1214 adstrictae

140 1259 177 1322 ut
195 1254 260 1323 illa
279 1274 300 1323 e
320 1254 495 1342 quinque,
517 1257 597 1324 haec
617 1275 636 1324 3
656 1261 813 1343 quatuor
832 1258 977 1326 demum
997 1257 1165 1327 versibus

139 1374 289 1439 constet.

178 1574 261 1641 Non
274 1574 380 1660 plura
395 1573 538 1660 poetica
553 1576 663 1644 verba
679 1574 717 1641 in
734 1574 869 1644 fabulis
884 1574 989 1643 novis
1001 1593 1110 1661 qnam
1124 1573 1164 1643 in

137 1687 297 1775 antiquis
318 1688 500 1775 invenias,
524 1711 605 1759 cum
627 1692 708 1759 haec
729 1693 809 1759 3313
836 1693 1008 1758 «coelites
1028 1694 1083 1777 14,
1099 1693 1163 1777 33;

135 1808 271 1870 senecta
291 1804 349 1889 24,
371 1807 393 1871 7
414 1826 433 1869 s
463 1804 679 1890 intriginta
704 1805 810 1874 novis
838 1806 974 1876 fabulis
994 1805 1162 1875 viderim.

135 1919 323 1985 Translata
352 1925 473 1986 autem
502 1918 567 1987 1113
591 1920 769 1988 vocabula
797 1939 893 2006 quae,
925 1925 964 1987 ut
991 1918 1162 2005 diximus,

136 2046 212 2094 rom
236 2029 355 2098 oculis
381 2030 595 2117 subjiciunt,
619 2031 842 2118 paucissima
864 2035 962 2116 sunt,
985 2030 1167 2118 siquidem

133 2144 192 2212 vix
206 2145 360 2233 aliquot,
374 2148 499 2234 qualia
515 2170 534 2214 c<
548 2150 726 2216 inuoluere
740 2148 933 2217 veritatem
946 2149 992 2237 (5,
1008 2149 1168 2237 171333-

134 2265 301 2333 oeudilur
314 2266 472 2353 animus,
485 2269 612 2364 uritur
626 2268 770 2336 animus
787 2268 856 2356 (13,
874 2269 1017 2355 18-19);
1033 2268 1170 2335 uincire

134 2380 297 2450 animum
309 2384 466 2451 arctiore
477 2384 601 2470 copula
614 2384 683 2472 (13,
694 2383 751 2471 24)
764 2406 782 2450 >›
795 2383 1002 2470 perlegenti
1013 2383 1166 2470 triginta

134 2497 278 2569 fabulas
293 2519 406 2569 novas
423 2499 529 2571 obvia
545 2500 635 2570 mihi
651 2500 810 2570 fuerunt.

177 2706 225 2773 Ut
245 2704 285 2772 in
304 2703 438 2774 fabulis
454 2704 531 2773 illis
547 2724 629 2793 quae
644 2706 801 2773 Phaedro
816 2706 927 2790 vulgo
943 2705 1164 2774 adscribun-

133 2826 191 2888 tur
211 2827 248 2889 et
268 2822 561 2909 comparationes
580 2822 662 2890 istae
683 2821 852 2890 ridiculae
874 2826 911 2889 et
931 2820 1073 2890 1333133
1094 2821 1165 2889 1313

132 2937 326 3022 antitheta,
358 2938 490 3025 quibus
517 2938 715 3035 aequalium
740 2956 851 3025 opera
877 2937 1013 3025 saepius
1034 2936 1163 3024 inqui-

131 3060 287 3139 nantur,
319 3055 468 3123 omnino
500 3055 695 3139 deficiunt,
727 3055 780 3124 313
809 3055 963 3141 triginta
991 3054 1090 3140 illas,
1119 3056 1164 3122 de

131 3173 266 3259 quibus
295 3173 512 3259 ambigitur,
547 3173 690 3242 fabulas
719 3174 857 3242 eisdem
886 3172 986 3241 vitiis
1016 3171 1164 3241 omnino

128 3308 263 3359 vacare
279 3290 560 3359 animadvertas.

174 3493 318 3563 Idcirco
346 3493 504 3581 denique
530 3513 611 3562 cum
633 3499 775 3562 veteres
802 3500 879 3560 tum
901 3511 1006 3561 novae
1028 3492 1163 3561 fabulae

129 3609 435 3675 commendantur
449 3608 544 3694 quod
561 3613 597 3675 31
611 3606 663 3674 113
677 3607 787 3675 breve
808 3611 864 3674 est
879 3604 1026 3673 dicendi
1045 3624 1163 3691 genus

130 3730 170 3793 ut
192 3744 425 3812 unaquaeque
452 3722 636 3793 sententia
661 3723 774 3793 semel
797 3720 1022 3808 exprimatur
1045 3719 1091 3809 (3)
1120 3740 1163 3788 33

128 3872 453 3881 ——ffl-
461 3873 865 3881 ------—..----—-.-.--....-..
1105 3868 1157 3876 ..-

165 3939 207 4008 (1)
228 3940 298 3995 Fau.
314 3940 341 3996 1.

164 4025 206 4094 (3)
227 4027 296 4081 Feb.
315 4026 360 4083 13.

164 4110 206 4179 (3)
227 4111 260 4165 ln
276 4112 333 4166 hoc
348 4113 412 4167 solo
428 4127 518 4167 versu
533 4112 580 4166 llis
596 4112 703 4167 eadem
720 4109 872 4165 sententia
886 4109 1057 4164 enuntiatur
1074 4123 1080 4162 :

267 4206 299 4259 13,
314 4206 379 4251 ill-19
393 4208 523 4264 Corruptus
535 4206 629 4251 animus
641 4206 698 4250 11133
711 4205 866 4250 succenditur

392 4276 422 4319 Et
434 4276 511 4319 uritur
523 4274 614 4319 sensim
628 4274 768 4332 impotentis
781 4273 907 4331 cupiditas.
