3134 5100
726 539 731 550 .
797 484 956 546 -rl-

360 647 528 716 cantibus
553 645 776 715 infinitivum
800 648 945 714 modum
969 645 1029 736 (1),
1058 647 1236 714 Phaedrus
1258 652 1392 730 autem,

360 765 456 852 quod
489 761 636 849 quidem
661 762 768 830 honae
794 760 968 830 latinitati
998 762 1189 847 convenit,
1222 760 1394 846 supinum

361 897 506 968 semper
519 877 713 964 conjungit
727 878 741 945 1

361 1046 384 1100 Ι.
404 1043 450 1114 16,
483 1043 496 1097 1
519 1045 683 1099 Fraudator
697 1044 838 1098 homines
852 1057 922 1098 oum
936 1043 1060 1096 advocat
1073 1058 1213 1113 sponsum
1228 1043 1392 1111 improbos.

360 1138 388 1194 2.
421 1138 449 1210 1,
464 1138 500 1193 lli
519 1138 611 1194 Simul
631 1136 740 1192 exieris
755 1137 924 1208 postumi.
944 1137 989 1207 18,
1009 1136 1058 1190 l-‘l
1076 1137 1173 1191 Canes
1191 1138 1308 1204 legatos
1323 1136 1394 1191 olim

397 1235 505 1290 misero
522 1237 559 1290 ad
573 1237 677 1291 lovem
691 1235 824 1290 Melioris
838 1236 907 1290 vitae
922 1240 1044 1305 tempus
1059 1238 1179 1288 oratum
1194 1248 1268 1288 suae.

405 1469 434 1555 ζ)
457 1469 539 1537 Non
555 1469 749 1535 admodum
762 1486 854 1554 pura
872 1470 928 1535 est
940 1465 1088 1534 Phaedri
1114 1465 1244 1549 oratio,
1259 1484 1344 1532 oum
1356 1463 1397 1531 in

362 1601 419 1666 ea,
441 1601 523 1668 quae
544 1579 728 1648 infinitiva
746 1586 912 1665 vocatur,
932 1581 1127 1648 verborum
1147 1580 1396 1666 comprehen-

363 1693 466 1762 sione
500 1693 694 1780 personale
729 1699 792 1760 aut
821 1691 1147 1759 demonstrativum
1176 1710 1396 1779 pronomen,

363 1808 458 1893 quod
474 1804 642 1890 iungitur
654 1805 802 1882 sabjecti
816 1803 994 1890 partibus,
1012 1803 1213 1871 omittitur:

362 1981 384 2034 l.
423 1980 449 2049 6,
483 1979 603 2047 adogit
617 1980 686 2049 (sol)
702 1981 831 2036 miseras
845 1982 929 2036 arida
943 1982 1019 2037 sede
1033 1982 1127 2037 emori
1142 1982 1263 2049 t=ooa
1277 1982 1395 2048 emori).

361 2078 389 2133 1.
405 2077 450 2148 18,
466 2078 497 2134 31
513 2079 585 2134 'Non
597 2085 666 2135 veto
677 2081 796 2150 dimitti,
807 2095 914 2135 verum
923 2080 1050 2135 eruciari
1059 2081 1139 2134 farne
1149 2080 1197 2147 (ε
1207 2094 1254 2132 eoa
1264 2079 1396 2146 dimitti).

361 2177 388 2233 3.
423 2177 450 2246 3,
485 2176 1396 2250 7Pertinereaddominirespondetoaputt=hoepertinere).

361 2273 389 2326 5.
413 2275 461 2344 Pr,
486 2272 503 2328 3
521 2275 715 2330 Auctoritatis
730 2290 802 2331 esse
818 2277 894 2331 seito
909 2277 1005 2346 gratia
1019 2277 1072 2344 (;
1087 2276 1140 2329 hoc
1155 2277 1247 2344 esse).

422 2369 450 2440 o,
485 2369 502 2424 5
521 2372 576 2438 Qui
591 2373 758 2430 doctiorem
773 2376 925 2444 emendat,
941 2374 998 2430 sihi
1012 2375 1071 2430 dioi
1085 2379 1172 2445 putet
1185 2375 1235 2444 (=
1247 2375 1299 2427 hoc
1313 2375 1396 2442 diei).

406 2534 475 2602 Illa
489 2552 575 2602 vero
591 2534 747 2622 subjecti
763 2535 920 2623 ellipsis,
934 2541 974 2605 ut
986 2556 1115 2624 parum
1128 2555 1219 2605 sano
1233 2537 1398 2605 sermoni

362 2656 611 2718 consentanea
631 2656 699 2735 est,
722 2650 773 2719 ita
794 2651 931 2738 saepius
949 2653 1008 2720 vel
1030 2654 1125 2739 apud
1141 2653 1257 2720 bonos
1272 2650 1396 2739 scrip-

362 2766 460 2830 tores
474 2762 520 2851 (2)
537 2762 709 2831 occurrit.

407 2882 592 2947 Praeterea
615 2898 689 2947 non
710 2879 805 2947 sicut
824 2879 975 2966 plurimi
996 2879 1196 2966 aequalium
1216 2898 1330 2965 usque
1352 2899 1397 2947 eo

361 2994 495 3060 Noster
509 2993 686 3080 procedit.
709 2998 760 3078 ut,
778 3013 861 3061 oum
880 2993 978 3062 idem
998 2993 1046 3061 sit
1058 2996 1254 3071 subjectum
1268 2992 1399 3061 inlini·

362 3104 428 3172 tivi
449 3110 485 3173 et
506 3105 610 3174 verbi
631 3106 808 3191 regentis,
832 3106 1015 3174 infinitivo
1037 3107 1116 3174 solo
1140 3110 1262 3173 utatur
1286 3110 1398 3191 atque

363 3216 541 3287 infinitivi·
553 3218 793 3306 praedicatum
809 3219 848 3287 in
864 3219 1089 3288 nominativo
1105 3236 1192 3287 casu
1209 3218 1395 3287 adhibeat.

400 3542 439 3612 (1)
458 3544 538 3611 Virg.
560 3542 625 3597 AEn.
650 3542 677 3598 1.
698 3540 750 3595 517
766 3543 915 3613 populare
935 3547 1064 3611 penates
1088 3540 1235 3596 Venimus.
1254 3568 1287 3580 -
1307 3543 1397 3612 Prop.

362 3627 390 3682 1.
406 3627 433 3697 6,
449 3626 486 3681 33
504 3628 563 3683 Seu
577 3628 708 3697 pedibus
724 3632 823 3683 terras
838 3642 893 3682 seu
908 3633 1034 3696 pontum
1042 3643 1165 3698 carpere
1173 3627 1266 3683 remis
1281 3625 1352 3681 Ibis.
1362 3657 1398 3667 -

362 3708 407 3779 10,
423 3709 459 3762 23
473 3714 843 3781 processerat-querere
860 3711 951 3765 fontis
966 3725 1085 3779 aquam.
1097 3709 1154 3764 3.8
1170 3709 1282 3780 [16],17
1299 3708 1399 3763 mittit

363 3808 412 3849 me
433 3809 564 3865 quaerere
578 3808 724 3862 gemmas.

398 3879 482 3933 Ovid.
500 3880 538 3933 M.
558 3878 585 3948 5,
605 3878 659 3933 660
677 3894 845 3947 rursusque
863 3894 918 3948 per
936 3894 1009 3934 aera
1025 3877 1110 3932 misit
1125 3879 1174 3946 (31.
1190 3879 1273 3935 leot:
1293 3879 1396 3948 jussit)

363 3995 397 4003 -
419 3978 523 4019 saeros
547 3962 666 4033 opitore
690 3965 819 4033 jugales.
844 3966 914 4019 Her.
935 3964 961 4018 1.
981 3963 1015 4017 37
1039 3969 1068 4019 13
1085 3979 1215 4034 quarere
1235 3962 1323 4017 mism
1345 3964 1395 4033 (al.

362 4051 422 4105 leot
439 4064 445 4103 :
459 4050 567 4117 jusso).

398 4133 461 4187 Vel.
477 4134 553 4187 Max.
570 4132 597 4187 5.
614 4131 628 4185 l
645 4137 706 4189 ext.
723 4131 737 4185 l
755 4133 824 4202 quis
839 4133 918 4187 illam
933 4132 1063 4186 osculari
1077 4148 1137 4189 non
1153 4136 1316 4189 curreret?

399 4214 447 4285 (1)Ι
458 4216 576 4288 Madvig
589 4217 639 4273 lat.
657 4217 780 4290 Spraoh.
796 4214 886 4288 §lot
901 4217 1026 4288 Draeger
1039 4217 1110 4275 hist.
1126 4218 1208 4292 Synt.
1224 4218 1252 4275 2.
1268 4217 1358 4289 5454.
