3134 5100
788 500 945 564 ..80-

354 670 391 734 et
412 665 507 752 apud
530 663 686 752 priores,
710 665 918 750 praesertim
940 662 1081 731 Livium
1111 663 1171 752 (1),
1207 664 1384 750 reperias.

398 778 497 846 Adde
520 777 615 864 quod
637 794 724 861 non,
750 783 789 844 ut
810 776 960 863 plurimi
982 777 1160 863 priorum,
1185 776 1306 844 Livius
1323 775 1384 865 (9),

353 890 525 959 Horatius
547 889 607 979 (3),
636 888 819 974 Virgilius
842 890 902 978 (4),
926 888 1149 977 plurimique
1172 890 1384 977 aequalium,

353 1001 503 1070 Ovidius
519 1001 579 1090 (5),
605 1000 818 1089 Propertius
834 1002 894 1090 (6),
924 1001 1114 1070 Vitruvius
1130 1002 1176 1090 (7)
1202 1004 1385 1088 coujunc-

352 1117 490 1186 tionem
507 1140 526 1183 11
540 1119 570 1184 si
584 1141 602 1184 11
620 1117 658 1185 iu
676 1117 825 1204 obliqua
840 1118 1131 1203 interrogatione
1147 1118 1327 1187 adhibuit.

397 1410 427 1498 β)
453 1411 494 1476 In
519 1429 574 1493 ea,
606 1431 688 1497 quae
717 1411 858 1478 duobus
887 1430 907 1478 e
937 1410 1110 1479 membris
1139 1409 1383 1496 componitur,

353 1520 643 1608 interrogatione
673 1523 835 1610 obliqua,
867 1543 975 1609 quam
1004 1543 1116 1610 saepe,
1147 1542 1255 1609 quam
1282 1522 1385 1590 varie

354 1638 515 1724 aequales
542 1639 698 1706 Phaedro
726 1638 924 1725 scriptores
951 1638 1214 1724 deliquerunt!
1244 1639 1386 1722 Nempe

353 1752 459 1818 modo
479 1758 560 1837 post
575 1752 731 1818 alterum
751 1750 1054 1836 interrogationis
1077 1752 1277 1819 membrum
1297 1770 1387 1836 par-

353 1861 467 1931 ticula
494 1884 618 1932 «11611
645 1865 806 1952 ponitur,
835 1867 930 1952 quod
956 1865 1104 1952 quidem
1131 1867 1226 1952 apud
1251 1866 1384 1934 Velle-

349 1979 430 2062 jnm
447 1976 493 2065 (8)
509 1983 546 2045 et
560 1977 727 2046 Ovidium
747 1977 794 2066 (9)
817 1977 1007 2064 invenias;
1036 1980 1142 2047 modo
1166 1985 1249 2065 post
1272 1998 1387 2046 uuum

354 2092 522 2179 quodque
536 2094 738 2162 membrum
750 2094 878 2161 eadem
890 2093 1071 2181 particula
1085 2093 1275 2181 repetitur,
1287 2096 1387 2181 quod

354 2212 393 2275 ut
423 2209 518 2294 apud
541 2209 703 2295 aequales
726 2208 860 2276 Nostro
888 2207 1099 2294 scriptores,
1115 2206 1298 2276 Tibullum
1314 2206 1386 2295 (10)

354 2477 615 2486 ——---.-.—.
622 2479 687 2484 -,-
700 2480 808 2484 ..,......,..-
822 2479 856 2484 —.
866 2479 890 2484 ..-

389 2621 427 2689 (1)
447 2621 473 2676 8.
490 2620 535 2690 94,
551 2620 582 2674 11
605 2620 859 2675 susbtititdubius
875 2635 917 2673 011
931 2620 1082 2673 transiret.
1099 2617 1144 2688 35,
1159 2618 1178 2672 4
1192 2633 1261 2687 quae
1276 2619 1306 2672 in
1326 2620 1389 2673 dis-

352 2706 476 2760 crimine
491 2706 611 2759 luerunt
625 2720 666 2757 an
680 2705 740 2757 ulla
754 2707 869 2757 essent.
887 2702 932 2756 31.
947 2700 993 2769 48,
1007 2702 1026 2757 6
1041 2718 1083 2756 an
1101 2732 1131 2741 -
1147 2703 1298 2771 gessisset
1311 2717 1388 2757 cen-

352 2792 460 2845 sebant
488 2794 628 2859 spectare
651 2793 792 2843 senatum
815 2788 937 2843 debere.
960 2818 994 2827 —
1022 2788 1067 2843 De
1088 2788 1212 2857 reliquis
1236 2789 1388 2857 exemplis

351 2876 388 2929 cl.
405 2875 538 2943 Draeger.
554 2872 581 2927 9.
598 2871 706 2941 11488.

388 2960 426 3029 (9)
445 2958 490 3013 99.
501 2958 547 3029 95,
558 2958 576 3013 8
586 2958 623 3012 ab
634 2958 671 3011 iis
685 2957 825 3025 quaesivit
839 2956 865 3010 st
881 2972 990 3027 aquarn
1001 2988 1031 2996 -
1040 2958 1268 3026 imposuissent.
1279 2955 1327 3023 39,
1338 2956 1387 3026 50,

351 3044 368 3098 7
383 3046 533 3114 quaesisse
559 3042 586 3097 si
613 3043 771 3098 incolumis
799 3043 942 3112 Lycortas
956 3034 990 3081 ’-
1006 3043 1186 3110 equitesque
1200 3042 1387 3098 evasissent.

350 3128 394 3184 40.
411 3129 457 3199 49,
472 3129 489 3183 6
503 3129 640 3198 quaesivit
655 3126 810 3182 alliceret.

387 3216 426 3285 (3)
446 3216 521 3285 Epit.
539 3216 560 3269 Ι.
576 3214 603 3283 6,
619 3213 651 3268 41
669 3212 695 3266 st
709 3217 815 3282 posset
828 3241 862 3251 -
878 3217 1011 3280 rogatus,
1028 3213 1068 3267 Cf.
1085 3213 1112 3282 7,
1128 3211 1172 3266 38.

386 3301 425 3370 (4)
444 3303 509 3356 AEn.
523 3301 551 3371 4,
566 3299 620 3355 110
634 3300 750 3355 incerta
763 3299 844 3354 teror
858 3329 892 3337 —
906 3297 932 3351 si
946 3299 1061 3367 Jupiter
1075 3300 1156 3353 velit.

385 3386 424 3455 (5)
444 3388 481 3441 M.
498 3385 542 3456 11,
558 3385 611 3440 693
624 3386 733 3454 quaerit
746 3413 781 3425 -
795 3385 924 3453 vestigia
936 3383 963 3437 st
977 3398 1037 3451 qua
1051 3384 1214 3451 supersint.

386 3469 424 3539 (6)
443 3469 470 3525 3.
486 3470 519 3523 97
536 3469 603 3540 [99],
619 3468 789 3524 9310111111
804 3471 869 3523 sola
883 3470 1055 3536 quiesceret
1069 3469 1119 3521 illa
1131 3468 1246 3523 Visere.

382 3554 423 3625 (7)
442 3556 458 3609 7
474 3558 557 3625 praef.
574 3571 605 3625 p.
623 3555 674 3609 156
688 3555 808 3624 quaesiit
826 3554 852 3606 st
869 3568 959 3621 quern
974 3553 1140 3607 novissent.
1157 3582 1192 3591 -
1210 3550 1265 3605 7.1
1283 3567 1313 3620 p.
1331 3552 1387 3607 169

348 3646 501 3709 quaeratur
514 3639 541 3694 si
557 3642 596 3695 sit
609 3644 757 3709 perpetuo
774 3639 913 3693 solidum.

383 3724 423 3794 (8)
442 3725 468 3780 9.
485 3725 559 3795 40,1
577 3725 711 3794 Pompeii
734 3724 838 3777 militia
852 3722 955 3791 gloriae
970 3722 1121 3776 laborisoe
1135 3722 1268 3791 majoris,
1288 3722 1387 3778 incer-

349 3814 412 3863 tum
432 3813 489 3864 est.
505 3807 551 3878 90,
566 3808 583 3861 3
598 3808 753 3877 dijudicari
769 3802 829 3861 no'n
843 3806 974 3874 potuerit
993 3806 1135 3874 Hispanis
1154 3806 1338 3860 Romanisue
1353 3807 1386 3861 in

348 3895 439 3949 armis
453 3896 522 3962 plus
538 3897 622 3948 esset
635 3892 762 3947 roboris.
994 3894 996 3897 ’

383 3977 422 4047 (9)
441 3980 479 4033 Μ.
504 3977 530 4033 l.
553 3975 607 4031 578
639 3977 743 4031 nescia
766 3979 924 4044 gratentur
952 3976 1184 4029 consolenturne
1211 3980 1384 4043 parentem.

345 4062 564 4118 5167600106
584 4064 691 4117 dextra
709 4063 824 4117 laevane
843 4061 965 4115 teratur.
987 4060 1027 4115 cf.
1048 4058 1075 4113 o.
1095 4057 1167 4130 3293
1189 4059 1217 4130 8,
1238 4060 1283 4115 44.
1306 4061 1382 4132 635;

345 4148 372 4218 9,
388 4147 459 4218 147;
475 4146 520 4217 10,
536 4146 605 4217 563,
622 4146 668 4213 13,
684 4145 746 4201 756.

383 4228 440 4299 (10)
460 4231 490 4285 4.
509 4230 536 4300 5,
553 4229 588 4285 90
607 4230 682 4295 Quid
698 4230 790 4285 refert
805 4230 921 4285 clamne
935 4229 1073 4297 palamne
1089 4233 1187 4297 roget.
