3134 5100
806 547 966 609 „04-

405 697 1402 800 'thonconjunctivasquidemparticulas«amatque»,

370 826 433 892 sed
456 825 655 893 ablativum
677 843 802 892 casum
825 822 1031 910 pronomini
1049 823 1205 888 «alius»
1223 821 1403 888 Phaedrus

369 936 538 1022 adjungit
554 955 562 1006 ε

473 1090 503 1143 3.
523 1092 588 1160 Pr.,
605 1090 637 1143 11
656 1091 685 1144 Si
701 1095 860 1145 accusator
874 1089 953 1144 atius
969 1089 1077 1156 Scjnno
1094 1091 1185 1158 lorct3

368 1241 429 1306 sed
461 1239 528 1306 illa
556 1239 702 1306 dicendi
726 1240 838 1323 ralio,
868 1246 1004 1308 utnon
1035 1238 1192 1308 sincerae
1205 1240 1382 1307 latinitati

367 1373 519 1439 prorsus
534 1359 783 1422 consentanea
806 1359 874 1438 est,
901 1354 951 1421 ita
971 1355 1028 1422 vel
1053 1357 1147 1442 apud
1170 1355 1398 1438 Ciceronem,

367 1475 466 1537 certe
489 1467 528 1536 in
548 1468 794 1537 familiaribus
823 1469 1013 1556 epistolis,
1045 1471 1248 1538 Varronem
1280 1473 1401 1538 Hora-

367 1580 531 1668 tiumque
548 1581 595 1671 (1)
611 1581 807 1665 reperitur.

410 1786 436 1873 ε)
460 1789 514 1853 lta
537 1787 682 1852 demum
703 1785 871 1855 adhiberi
888 1786 1036 1871 scimus,
1059 1785 1121 1874 qui
1136 1787 1313 1853 absolutus
1328 1805 1398 1853 vo-

366 1907 481 1985 cetur,
499 1901 711 1986 ablativum,
722 1902 753 1970 si
769 1904 814 1970 ad
830 1903 973 1970 nullum
989 1901 1166 1970 orationis
1180 1902 1400 1969 vocabulum

366 2016 559 2082 reseratur.
573 2018 686 2094 Quam
698 2020 825 2083 contra
842 2016 961 2099 legem
978 2014 1046 2082 etsi
1062 2016 1118 2081 vel
1137 2014 1263 2101 optimi
1280 2013 1401 2100 scrip-

366 2135 464 2198 tores
496 2130 632 2216 saepius
666 2129 902 2216 deliquerunt
935 2131 1042 2217 (quod
1073 2129 1220 2216 quidem
1246 2131 1287 2195 fit
1314 2147 1400 2195 cum

364 2244 559 2311 verborum
588 2243 975 2330 comprehensionem,
1005 2243 1043 2310 in
1071 2262 1142 2330 qua
1162 2248 1218 2309 est
1245 2241 1402 2330 partici-

365 2356 479 2443 pium,
494 2357 646 2425 meliore
661 2356 699 2423 in
713 2358 795 2424 luce
808 2358 936 2424 volunt
948 2344 1144 2443 collocare)
1159 2354 1218 2443 (2),
1237 2361 1400 2422 attamen

365 2471 462 2538 haud
486 2469 636 2538 dubium
660 2476 715 2538 est
733 2470 823 2557 quin
841 2471 1020 2537 absolutus
1035 2469 1217 2538 ablativus
1235 2462 1274 2536 in
1294 2469 1399 2537 hisce

364 2583 456 2652 locis
472 2580 600 2670 parum
616 2583 753 2651 latinus
770 2603 851 2651 essa
866 2583 1056 2650 videalur:

400 2742 487 2796 Ouid.
506 2743 548 2795 M.
567 2740 594 2795 3.
610 2740 663 2795 459
677 2743 886 2811 lacrymasque
901 2740 1012 2810 notavi,
1029 2758 1076 2793 mc
1098 2742 1294 2811 lacrymante,
1310 2746 1395 2796 tuas,

364 2833 553 2907 Fast.2.139
568 2840 679 2904 castas,
696 2836 768 2888 duce
784 2852 823 2904 so,
835 2835 921 2903 jubet
935 2850 1006 2890 esse
1022 2836 1158 2890 maritas
1178 2837 1246 2889 Am.
1259 2834 1285 2888 2.
1301 2834 1346 2905 la,
1362 2836 1401 2889 13

363 2945 409 2982 mc
426 2930 498 2983 rlrrcc
520 2931 557 2983 ad
580 2932 658 2984 hanc
677 2931 737 2984 voti
753 2931 855 2999 finem,
872 2946 919 2983 mc
937 2931 1030 2985 milite
1043 2927 1124 2983 oeni.
1144 2961 1178 2969 -
1193 2931 1299 2998 Vellcj.
1317 2929 1345 2983 9.
1361 2931 1401 2984 44

365 3025 416 3076 boc
432 3023 521 3091 igitur
533 3024 651 3077 consule
662 3024 740 3077 inter
750 3039 816 3077 eum
829 3029 858 3078 ct
870 3026 924 3080 Cn.
939 3026 1114 3092 Pompeium
1126 3055 1160 3063 -
1171 3024 1243 3078 inita
1253 3026 1400 3093 potentiae

364 3119 508 3175 societas.
521 3150 554 3158 —
567 3121 634 3174 Val.
648 3121 728 3174 Max.
742 3120 769 3175 l.
786 3120 814 3189 8,
829 3119 847 3175 6
862 3136 921 3175 non
936 3120 1113 3174 ductantibus
1128 3120 1272 3175 Ronuunis
1291 3122 1399 3190 praelio

363 3217 505 3283 congredi
517 3248 551 3255 —
563 3232 608 3269 eos
622 3216 734 3271 hortari
748 3218 854 3286 coepit.

407 3368 547 3435 Idcirco
571 3366 687 3451 igitur
708 3368 914 3436 laudandus
931 3373 986 3436 est
1000 3371 1146 3453 Noster,
1164 3369 1249 3456 quia
1271 3369 1400 3457 pravi-

363 3486 456 3551 tates
471 3482 556 3550 illas
573 3481 751 3551 orationis
767 3482 1052 3568 diligentissime
1069 3483 1229 3552 evitavit.

361 3771 474 3824 —talia
489 3770 601 3823 reddit.
621 3770 726 3837 Vellei.
747 3770 773 3824 1.
792 3770 824 3824 17
836 3788 911 3840 pace
927 3773 1027 3827 Crassi
1038 3804 1071 3811 -
1082 3774 1218 3829 dixerim.
1237 3775 1281 3829 cf.
1300 3774 1401 3829 2129

360 3854 425 3909 Vol.
446 3856 525 3908 Max.
544 3854 570 3908 5.
588 3854 605 3906 ‘2
620 3860 679 3909 extr.
697 3856 784 3923 praef.
1244 3911 1248 3917 ,

397 3939 436 4007 (1)
454 3940 515 3994 Cic.
536 3941 619 3993 lam.
640 3940 687 3993 11.
707 3941 734 4009 9,
754 3940 772 3992 ‘l
792 3957 849 3995 nec
869 3943 1031 4010 quidquam
1051 3942 1138 3996 uliud
1154 3944 1290 3996 libertate
1312 3959 1399 3999 com-

361 4023 456 4076 muni.
476 4053 509 4061 -
525 4024 618 4077 Varro
633 4024 668 4079 R.
681 4026 716 4079 R.
728 4024 754 4077 3.
773 4024 818 4093 16,
834 4024 870 4078 23
885 4024 969 4078 alirrd
983 4029 1085 4080 melle.
1106 4059 1139 4065 —
1156 4029 1229 4081 llor.
1245 4029 1307 4081 Sat.
1322 4028 1349 4081 ⁸2.
1366 4030 1397 4097 3,

358 4105 412 4160 ‘208
433 4100 553 4174 species
576 4106 654 4159 nlius
678 4107 767 4161 veris.
794 4110 849 4177 Ep.
869 4110 895 4163 t.
913 4110 957 4177 16,
978 4109 1014 4163 90
1035 4110 1132 4164 relicom
1150 4110 1299 4182 sapiente,
1316 4112 1347 4165 9.
1367 4112 1396 4182 l,

358 4189 411 4242 ulo
426 4189 504 4243 vilius
519 4190 658 4260 Lysippo.

396 4274 434 4338 (2)
451 4275 568 4337 Madvig
582 4273 595 4341 ,i
609 4274 671 4337 428,
689 4280 753 4331 nol.
774 4275 806 4332 l.
