3134 5100
780 521 940 584 ..84-

343 693 470 756 contra
485 688 606 774 legem
622 690 701 774 jam
717 686 859 757 Livium
875 687 1084 776 peccavisse
1099 691 1206 758 docet
1221 691 1262 759 O.
1280 688 1376 759 Rie-

341 824 451 872 mann
479 803 553 892 (l);
583 803 702 889 magis
730 803 842 873 etiam
870 809 1116 891 peccaverunt
1144 825 1217 873 non
1252 807 1375 874 solnm

343 919 505 1004 aequales
533 919 690 986 Phaedro
718 922 851 1004 poetae,
877 918 1076 986 sedetiam
1102 918 1137 985 ei
1161 919 1225 1005 qni
1247 921 1377 988 eadem

342 1037 449 1100 aetate
460 1050 570 1118 prosa
585 1030 751 1100 oratione
763 1035 849 1098 sunt
861 1029 975 1099 locuti
991 1031 1051 1119 (2).
1069 1032 1240 1099 Praedrus
1253 1036 1377 1100 autem

342 1145 461 1214 eidem
485 1146 737 1232 grammaticae
764 1146 842 1230 legi
870 1143 1155 1230 diligentissime
1180 1147 1376 1214 obsecutus

342 1265 409 1345 est,
435 1260 499 1347 qui
520 1264 583 1328 aut
608 1265 693 1328 ante
720 1259 870 1345 singula
895 1260 1058 1327 membra
1079 1278 1260 1346 vocesque
1283 1278 1377 1328 con-

335 1374 567 1460 J'unctionem
584 1397 603 1441 u
618 1381 655 1443 et
664 1397 688 1468 p
704 1380 860 1463 repetat,
877 1373 970 1442 utin
986 1373 1045 1442 his
1061 1373 1153 1442 locis

376 1525 402 1579 Ι..
419 1524 446 1594 5,
465 1524 484 1579 3
502 1526 600 1580 Vacca
618 1529 648 1578 ct
667 1527 787 1595 Capella
809 1530 839 1580 ct
861 1526 981 1595 patiens
997 1525 1068 1581 Ovis
1089 1524 1214 1592 injuriae.
1237 1523 1265 1579 4.
1289 1524 1317 1594 5,
1339 1524 1378 1579 34

340 1622 468 1678 Domum
484 1626 513 1676 et
534 1629 712 1679 ornamenta
737 1639 806 1679 cum
824 1623 962 1681 venustis
981 1623 1107 1680 hortulis
1126 1621 1167 1676 Et
1184 1622 1253 1676 vina
1270 1628 1377 1677 vetera

341 1720 412 1776 date
427 1721 476 1790 (3).

341 1850 403 1914 aut
424 1865 568 1915 omnem
589 1847 711 1915 demat
740 1845 1052 1932 conjunctionem,
1079 1853 1116 1913 ut
1144 1845 1183 1914 in
1205 1845 1264 1914 bis
1289 1865 1378 1914 ver-

277 1982 280 1987 ·
341 1957 466 2027 sibus:

375 2109 402 2164 4.
420 2109 446 2178 5,
462 2108 549 2164 21-‘22
568 2110 692 2179 Seponit
710 2111 847 2166 moechas
865 2116 993 2181 vestem,
1016 2113 1162 2167 mundum
1185 2111 1375 2180 muliebrem,

340 2206 532 2262 Lavationem
551 2211 736 2276 argenteam,
759 2207 926 2276 eunuchos
949 2209 1132 2276 glabros-
1151 2207 1196 2278 22,
1222 2207 1258 2261 23
1276 2212 1375 2277 veste,

340 2303 480 2373 nummis,
502 2303 612 2358 familia
627 2304 784 2358 Hominem
801 2305 965 2375 exornavit,
986 2305 1012 2360 5.
1028 2305 1055 2375 5,
1071 2305 1107 2358 13
1126 2307 1210 2360 solus
1228 2305 1374 2373 constitit,

376 2567 416 2636 (1)
435 2568 530 2623 Etude
546 2583 598 2623 sur
612 2570 640 2623 la
655 2569 734 2637 lang.
752 2573 783 2623 et
796 2570 823 2623 la
841 2583 935 2636 gram.
953 2568 992 2623 de
1006 2569 1037 2622 T.
1054 2568 1134 2623 Live.
1151 2582 1181 2635 p.
1198 2565 1328 2621 stt-219.

375 2652 415 2721 (i)
434 2654 496 2708 Val.
512 2654 589 2707 Max.
606 2655 628 2708 l.
644 2654 672 2723 l,
688 2656 724 2706 15
740 2659 854 2709 matres
870 2669 905 2707 uc
920 2654 989 2707 filiae
999 2654 1200 2722 coniugesque
1212 2656 1242 2705 et
1252 2666 1377 2707 sorores

339 2751 436 2805 nuper
450 2736 675 2791 interfectorum
691 2738 840 2791 abstersis
855 2736 987 2790 lacrimis
1002 2736 1254 2805 depositisque...
1270 2736 1296 2788 5.
1313 2735 1341 2803 9,
1356 2736 1378 2789 4

339 2821 532 2894 solitudinem
551 2822 699 2888 sanguine
718 2822 873 2875 meliorem
892 2820 1297 2889 pacatioresqucpenatibus
1316 2820 1377 2887 syl-

338 2921 393 2961 vas
408 2910 437 2959 et
452 2906 600 2960 alimentis
615 2906 754 2961 blandius
771 2906 883 2961 ferrum
898 2921 933 2958 ac
948 2905 1054 2959 mortis
1070 2904 1178 2959 oblatae
1193 2919 1283 2972 quam
1294 2905 1375 2959 datae

338 2990 408 3044 vitae
432 2989 547 3043 felicius
569 2989 760 3043 beneficium.
789 2989 815 3043 5.
835 2988 881 3057 tc,
905 2992 967 3043 ext.
992 2987 1010 3041 2
1033 2987 1241 3056 Xenophontis
1262 3002 1375 3055 corpus

338 3074 490 3129 immobile
511 3074 595 3129 stetit
615 3078 644 3127 et
663 3074 781 3129 animus
805 3105 839 3113 —
861 3074 977 3129 stabilis
1001 3075 1113 3128 mansit
1131 3074 1279 3128 cto-dolori
1302 3087 1375 3127 suc-

338 3161 530 3215 cumbere...

373 3245 475 3313 Vellej.
491 3245 514 3299 I.
526 3242 562 3298 10
571 3244 767 3315 Mandataque
781 3244 921 3313 exposuit
933 3246 963 3296 et
977 3258 1081 3311 regem
1091 3244 1376 3313 -circumscripsit

336 3329 491 3403 jussitque.
511 3327 557 3383 17.
578 3332 607 3380 et
626 3343 705 3383 nunc
723 3329 836 3382 invidia
849 3341 930 3382 nunc
940 3329 1098 3382 admiratio
1110 3328 1306 3382 imitationem
1321 3342 1375 3381 ac-

337 3412 448 3480 cendit,
466 3415 627 3481 naturaquc
639 3442 673 3451 —
686 3412 824 3466 ascendit
837 3412 1022 3482 difficilisque
1037 3412 1066 3465 in
1077 3412 1210 3480 perlecto
1220 3416 1371 3479 moreest,

337 3498 568 3567 naturaliterque
590 3524 626 3537 -
646 3497 770 3565 recedit,
795 3500 872 3551 ct...
899 3496 926 3551 3.
947 3496 1043 3551 3tum
1057 3497 1229 3565 optimateS,
1246 3500 1373 3550 senatus

338 3585 425 3651 utque
442 3581 593 3649 equestris
611 3581 724 3635 ordinis
739 3595 811 3649 pars
827 3581 933 3635 melior
948 3586 978 3635 et
993 3581 1086 3649 major
1100 3584 1129 3631 et
1147 3581 1258 3633 intacta
1272 3580 1374 3647 perni-

337 3668 429 3721 ciosis
443 3666 577 3721 consiliis
591 3666 688 3734 plebs.
1273 3718 1276 3725 .

373 3753 484 3807 Vitruv.
501 3750 617 3820 bpraef.
634 3766 664 3819 p.
680 3749 711 3803 31
731 3750 915 3805 vestimenta
932 3752 1035 3819 posuit
1053 3752 1081 3805 in
1102 3751 1231 3820 bospitio
1255 3753 1284 3803 et
1304 3751 1372 3805 oleo

338 3850 448 3905 corpus
462 3824 767 3905 perunxit‘caputque
787 3835 942 3889 coronavit
962 3835 968 3903 l
987 3836 1095 3889 laevum
1114 3836 1273 3888 humerum
1291 3836 1372 3902 pelle

336 3920 457 3974 leonina
471 3919 547 3973 texit
559 3919 722 3988 dextraque
738 3920 854 3972 clavam
869 3922 977 3973 tenens
993 3919 1128 3973 incessit.
1144 3918 1162 3971 5
1176 3918 1260 3987 praef.
1276 3933 1305 3986 p.
1318 3917 1374 3971 103

317 4012 319 4018 ⁴
336 4009 545 4073 poematorum
560 4009 657 4058 metra
672 4006 700 4056 et
715 4004 812 4072 podes
832 4020 867 4056 ac
885 4004 1047 4058 verborum
1067 4004 1191 4070 elegans
1211 4004 1372 4072 dispositio

337 4094 366 4142 et
382 4090 649 4144 sententiarum...

373 4175 412 4243 (3)
432 4176 476 4229 lta
491 4175 582 4229 arctis
596 4174 723 4228 vinculis
746 4192 758 4223 α
776 4173 933 4227 hortulis»
954 4186 1023 4227 cum
1044 4190 1057 4225 u
1074 4177 1278 4227 ornamenta»
1299 4187 1374 4227 cori-

334 4261 477 4331 jungitur,
493 4265 526 4314 ut
541 4274 558 4313 c
573 4250 691 4315 duobus
708 4259 764 4313 illis
780 4257 934 4312 vocabulis
950 4259 1037 4326 quasi
1052 4273 1145 4312 unum
1156 4258 1313 4312 confletur.
1376 4321 1381 4329 .
