3134 5100
817 529 977 593 ...10-

380 695 463 764 rim.
484 695 573 763 Vult
594 694 691 762 idem
709 693 878 780 Vellejus
899 692 1044 779 aperire
1068 712 1134 761 our
1154 694 1307 761 Athenae
1328 710 1414 760 unae

381 810 505 895 plures
528 812 692 874 oratores
714 825 823 892 quam
853 805 1026 872 universa
1053 805 1196 873 Graecia
1223 804 1379 872 tulerint
1399 807 1414 872 2

380 925 463 991 Non
480 921 559 990 sine
580 922 734 987 molesta
751 920 908 1006 quadam
930 916 1140 986 insulsitate
1157 917 1271 986 dicit:
1298 938 1415 984 «cor-

378 1037 596 1123 perspectis
611 1036 708 1102 illins
724 1033 961 1123 (Graecorum)
980 1039 1145 1119 separato
1164 1036 1203 1100 io
1216 1035 1305 1100 alius
1322 1035 1414 1100 cici-

384 1157 482 1235 tute3‚
499 1152 642 1235 inpendo
656 1169 739 1217 vero
752 1151 834 1216 solis
848 1150 1117 1217 Atheniensium
1130 1150 1247 1215 muris
1258 1150 1379 1215 clausa
1393 1172 1412 1213 »

381 1263 495 1332 fuisse
508 1262 567 1351 (l).
583 1262 679 1331 Alibi
696 1262 912 1330 caesarianae
926 1262 1202 1349 etpompeianae
1217 1262 1310 1329 aciei
1325 1282 1416 1329 con·
1468 1324 1472 1330 .

380 1376 581 1445 dictionem
599 1395 682 1442 cum
697 1376 839 1443 duobus
859 1375 957 1442 inter
972 1394 1011 1442 se
1031 1374 1292 1443 collidentibus
1311 1375 1415 1461 capi-

381 1495 478 1563 tibus
502 1497 689 1579 comparat
710 1498 833 1578 atque,
860 1491 1034 1578 Pompeio
1058 1491 1193 1576 occiso,
1219 1514 1238 1556 <‹
1258 1492 1415 1558 alterum

379 1611 521 1678 romoni
535 1610 679 1694 imperii
698 1609 819 1676 lumen
833 1613 1028 1688 effossum»
1049 1627 1131 1675 esse
1152 1607 1337 1675 existimat
1352 1606 1412 1694 (2).

380 1727 507 1810 Neque
530 1723 570 1790 in
596 1723 674 1791 solo
696 1723 843 1808 Vellejo
858 1723 1024 1790 molestae
1039 1721 1122 1789 istae
1145 1729 1253 1808 atque
1276 1721 1415 1788 odiosae

382 1837 675 1924 comparationes
697 1842 915 1918 occurrunt;
939 1836 978 1904 in
1003 1835 1190 1923 plerisque
1215 1835 1416 1922 aequalium

383 1951 511 2018 eadem
527 1948 703 2036 reperias
722 1948 964 2017 Gravissimas
979 1967 1107 2034 poenas
1123 1954 1272 2015 senatus
1288 1967 1414 2014 roma-

384 2085 453 2133 nus
469 2067 615 2133 decreto
632 2065 811 2133 militibus
826 2065 1068 2132 constituerat
1082 2065 1174 2150 qui«
1187 2067 1227 2142 Q.
1244 2063 1419 2131 Petilium

384 2182 573 2252 consulem
595 2180 795 2249 fortissime
819 2182 993 2247 adversus
1016 2179 1170 2264 Ligures
1192 2185 1419 2266 pugnantem

386 2297 554 2365 occidere
570 2296 669 2384 passi
686 2300 811 2364 essent
824 2318 857 2363 >›.
880 2295 972 2373 Quid
989 2294 1162 2363 Valerius
1177 2295 1355 2362 Maximus
1372 2297 1420 2362 ad

384 2413 509 2481 Petilii
538 2411 752 2479 memoriam
779 2411 1036 2479 celebrandam
1066 2410 1200 2478 dixerit
1232 2412 1415 2478 attende:

385 2544 516 2613 nempe
527 2524 618 2593 illud
636 2522 854 2611 amplissimi
871 2523 1012 2591 ordinis
1027 2524 1215 2592 decretum
1224 2543 1290 2611 pro
1306 2543 1421 2608 «spe-

386 2644 475 2709 cioso
495 2646 531 2709 et
551 2646 686 2708 aeterno
706 2622 931 2708 monumento
950 2662 969 2703 e
992 2641 1201 2708 habendum
1226 2660 1307 2707 esse
1330 2638 1423 2707 dicit

389 2778 407 2821 ‹<
422 2756 486 2823 sub
499 2774 567 2838 pao
581 2756 619 2821 to
632 2755 707 2821 acie
721 2759 848 2837 inerte,
862 2755 900 2819 in
914 2754 1018 2819 curia
1031 2754 1165 2820 ultione
1178 2754 1272 2819 clari
1284 2755 1422 2821 cineres

387 2875 462 2946 ejus
480 2870 747 2952 adquiescunt»
770 2866 830 2955 (3).
852 2870 928 2934 Imo
948 2866 1098 2935 Ovidius
1120 2867 1213 2953 ipse,
1235 2867 1322 2934 licet
1342 2867 1424 2935 ele-

388 2984 628 3069 gantissimus
662 2988 717 3050 est
746 2984 961 3069 plerumque
991 2989 1099 3070 atque
1135 2984 1420 3068 urbanissimus

388 3118 510 3167 nonne
533 3098 572 3165 in
593 3098 798 3165 affectatam
821 3116 901 3163 eam
923 3097 1158 3184 putidamque
1179 3097 1310 3165 incidit
1329 3118 1420 3165 ora-

388 3213 526 3281 tionem
542 3219 581 3279 ut
596 3232 692 3295 eum,
708 3211 770 3298 qui
791 3213 924 3279 Tristis
939 3211 1167 3297 inscribitur,
1184 3212 1320 3294 librum
1336 3233 1421 3281 cum

390 3325 540 3394 horrido
557 3331 593 3392 et
607 3324 751 3411 impexo
767 3324 916 3393 homine
931 3326 1122 3393 conterati

463 3479 476 3513 a
497 3463 600 3531 Parve,
617 3476 675 3516 nec
688 3462 817 3531 invideo,
834 3462 900 3516 sine
915 3477 974 3531 me,
990 3463 1067 3516 liber
1081 3462 1138 3515 ibis
1153 3462 1183 3515 in
1199 3462 1320 3516 Urbem.

462 3558 493 3612 Ei
507 3558 589 3625 mibi,
606 3558 687 3626 quod
702 3558 824 3611 domino
839 3572 899 3611 non
914 3559 1041 3613 licetine
1056 3562 1107 3612 tuo
1125 3558 1131 3611 l

461 3654 553 3723 Vade,
570 3654 625 3707 sed
642 3652 783 3723 incultus,
800 3654 920 3721 qualem
935 3654 1025 3708 decet
1040 3654 1137 3707 exulis
1153 3668 1247 3707 esse:
1300 3667 1302 3671 ·

460 3820 603 3875 Hirsutus
616 3820 728 3893 sparsis
741 3824 776 3875 ut
789 3820 910 3875 videare
924 3820 1024 3875 comis.
1042 3839 1056 3871 a
1135 3822 1224 3875 Trist.
1240 3821 1263 3876 Ι.
1278 3821 1305 3890 l,
1323 3835 1369 3888 sq.

387 4132 388 4143 κ
427 4015 467 4170 (ἐξ
485 4017 512 4171 ἑ,
528 4015 681 4155 ἓξόοἰιίεα
695 4101 773 4155 inter
788 4115 822 4155 se
837 4100 896 4154 duo
912 4100 956 4155 rei
966 4100 1095 4170 publicae
1105 4102 1204 4170 capita
1215 4102 1424 4170 effossumque

391 4188 506 4242 romani
522 4186 639 4255 imperii
653 4187 766 4241 lumen.

428 4269 467 4338 (a)
487 4271 549 4326 vn.
562 4271 640 4325 Max.
655 4269 683 4325 a.
698 4269 724 4340 7,
741 4269 776 4325 15
790 4269 882 4339 (eon.
899 4270 964 4330 aar,
981 4270 1067 4326 unm
1081 4270 1190 4339 upsrae
1204 4268 1305 4337 ssent.
