3134 5100
170 671 255 737 Non
278 668 395 753 enim,
422 674 461 736 ut
483 668 696 756 Propertius
719 663 961 755 Ovidiusque,'
983 667 1096 737 latine
1119 687 1208 756 pes·

172 783 266 850 sime
282 782 391 851 dicet.
610 784 613 791 '

245 951 332 1019 Prop.
348 949 375 1004 2.
397 949 419 1019 1,
435 949 454 1004 8
473 948 591 1003 Gaudet
605 950 734 1004 laudatis
749 948 795 1002 ire
810 918 936 1020 superbo
951 951 1046 1004 comis
1104 941 1107 947 ’

246 1048 298 1103 Ov.
316 1061 343 1102 a.
359 1061 386 1101 e.
403 1045 430 1116 1,
446 1045 508 1122 315Ι
584 1047 718 1115 ,fraudent
733 1063 792 1101 erre
807 1051 929 1118 royatae,

171 1211 251 1294 sed,
269 1209 364 1295 quod
381 1206 463 1295 puri
480 1211 535 1275 est
551 1206 744 1292 sermonis,
762 1207 812 1274 ita
828 1208 1022 1294 eloquetur

209 1386 231 1439 I.
251 1383 325 1456 13,1
349 1385 403 1451 Qui
417 1401 447 1438 se
464 1383 588 1439 laudari
603 1387 724 1454 gaudet.
746 1385 830 1442 (11.1.
847 1384 874 1457 7,
890 1385 923 1442 11
944 1394 991 1441 me
1006 1390 1208 1458 contemptum

125 1509 131 1519 ·
170 1481 302 1550 gaudeo:

168 1643 268 1726 Non,
286 1646 325 1710 ut
340 1639 565 1728 PropertiuS,

207 1821 234 1877 3.
250 1820 284 1878 20
299 1820 367 1893 [25]‚
382 1820 418 1878 19
489 1837 624 1893 peccasse
637 1824 754 1892 fatetur
767 1821 865 1877 Laeeuo
943 1821 984 1879 Cf.
1000 1822 1080 1891 Virg.
1096 1823 1164 1878 AEn.

167 1919 216 1990 12,
232 1918 284 1976 568
294 1919 343 1990 (1),
1212 1936 1218 1946 ·

169 2082 249 2166 sed,
266 2079 516 2166 grammaticae
532 2079 677 2166 legibus
692 2078 912 2163 inserviene,
928 2077 1049 2147 dicet:
1115 2062 1118 2065 ¹

277 2256 304 2312 3.
320 2259 367 2328 Pr,
383 2256 419 2312 43
437 2258 565 2327 Dignum
581 2260 692 2314 faterer
707 2273 765 2313 esee
780 2274 827 2312 me
842 2259 933 2314 tantis
949 2258 1045 2314 melio

410 2541 449 2608 B.
476 2575 520 2590 -
542 2557 589 2609 ore
613 2555 845 2608 soerorcrrvo
867 2556 964 2607 MODO
1017 2576 1020 2581 -

213 2827 256 2891 In
277 2842 320 2892 ea
339 2842 378 2890 re
395 2842 539 2910 quoque
557 2823 676 2909 magis
696 2825 888 2893 emendate
908 2845 1016 2911 quam
1038 2826 1200 2911 aequales

166 2939 301 3007 Noster
322 2936 497 3023 loquitur,
519 2938 614 3024 quod
634 2936 692 3004 illi
711 2957 776 3025 pro
797 2935 997 3005 indicativo
1019 2940 1199 3025 subjunc-

167 3052 283 3121 tivum
299 3054 458 3137 modum,
480 3072 545 3140 pro
563 3052 794 3139 subjunctivo
810 3034 1049 3122 indicativum
1064 3054 1201 3141 saepius

169 3170 359 3253 usurpant,
383 3165 462 3253 ipse
483 3172 604 3234 eutem
625 3186 728 3235 suam
746 3165 879 3253 cuique
894 3168 1002 3235 modo
1020 3166 1095 3234 vim
1110 3186 1201 3254 pro-

167 3280 286 3368 priam
302 3280 437 3368 uhique
453 3285 585 3350 servat.

212 3537 243 3627 α)
266 3540 405 3626 Nempe
421 3539 459 3606 in
476 3538 624 3627 oblique
640 3537 932 3625 interrogatione
951 3558 1040 3624 non,
1061 3543 1101 3607 ut
1119 3538 1202 3608 fieri

170 3652 275 3736 solet,
297 3651 570 3739 conjunctivum
594 3653 741 3720 modum
763 3653 828 3720 sed
850 3649 1089 3720 indicativum
1108 3650 1200 3720 Vir·

205 3983 245 4054 (r)
265 3984 306 4040 ef.
323 3984 407 4040 ovio.
424 3985 462 4039 rr.
479 3982 524 4054 13,
549 3982 598 4037 rer
617 3980 737 4037 recuro
755 3982 831 4051 Ajax
848 3979 1018 4038 Esse'rovis
1042 3996 1201 4053 pronepos.

170 4070 214 4140 13,
239 4070 294 4123 314
316 4068 387 4124 Esse
410 4085 478 4123 reus
501 4067 608 4123 merui.
634 4067 794 4137 Vellej„2.
823 4066 868 4137 76,
897 4066 916 4120 4
941 4082 1049 4137 parum
1078 4068 1203 4122 habebat

134 4200 137 4209 .
170 4170 290 4211 summa
308 4156 467 4226 accepisse
488 4159 519 4210 et
537 4152 696 4227 proximor
715 4168 733 4209 a
751 4153 894 4225 Pompeio
909 4183 943 4193 —
965 4152 1203 4208 consuleremus

171 4256 239 4299 esre.
