3134 5100
816 535 974 596 ..48-

381 697 620 781 admiserunt,
638 697 700 784 qui
716 699 797 766 haec
813 699 925 766 verba
942 698 1167 782 «obstropor,
1183 698 1323 781 credor,
1339 698 1409 764 do-

381 813 485 896 bitor,
509 830 673 878 noceor»
704 830 786 897 quae
813 809 961 896 quidem
989 828 1010 877 a
1038 809 1144 878 bonis
1169 809 1409 896 scriptoribus

380 923 641 1012 impersonalia
677 924 879 1005 habentur,
910 941 975 1008 pro
1004 923 1260 1008 personalibus
1287 923 1410 990 verbis

381 1038 575 1107 duxerint:
608 1037 744 1104 etenim
768 1037 1025 1120 ‹obstrepom
1048 1035 1099 1102 ita
1129 1042 1342 1122 usurpatum
1371 1037 1408 1102 in

380 1154 449 1222 hoo
464 1151 606 1220 Valerii
622 1150 770 1218 Maximi
788 1151 869 1218 loco
884 1150 1049 1218 videmus
1067 1168 1075 1217 :

415 1316 445 1370 8.
465 1316 509 1384 15,
525 1315 543 1369 8
557 1330 625 1384 quae
641 1315 670 1368 in
686 1315 741 1369 Gn.
761 1313 937 1382 Pompeium
952 1317 1097 1379 congesta
1112 1317 1182 1366 sunt
1197 1313 1412 1367 -litterarum

380 1412 584 1467 monumentis
600 1411 824 1480 obstrepantur.

381 1558 503 1626 Verba
528 1579 547 1622 v<
570 1558 710 1641 credor,
735 1556 919 1623 dubitor»
948 1553 987 1620 in
1017 1552 1075 1621 his
1100 1551 1218 1621 Ovidii
1244 1553 1413 1625 versibus

381 1670 546 1758 reperias
564 1689 571 1738 :

416 1838 506 1891 Trist.
526 1837 555 1890 3.
575 1837 620 1905 10,
635 1837 671 1891 35
694 1837 743 1891 vix
766 1837 908 1904 equidem
931 1833 1051 1886 credor.
1077 1833 1150 1887 Met.
1177 1833 1203 1903 7,
1224 1834 1260 1888 08
1282 1835 1415 1888 creditus

381 1935 510 2002 aceepit.
530 1935 613 1989 Fast.
632 1933 662 1988 3.
681 1934 731 1987 351
748 1940 876 1989 atcerte
891 1935 1061 1992 credemur.
1082 1939 1112 1993 1.
1132 1936 1187 1991 101
1199 1938 1337 1988 vetustas
1354 1949 1416 1986 ore-

382 2027 479 2081 ditor.
500 2027 556 2097 [cf.
575 2029 658 2096 Virg.
678 2030 745 2082 AEn.
765 2028 792 2098 1,
813 2029 866 2082 117
892 2045 951 2084 non
976 2046 1109 2100 unquam
1135 2029 1250 2083 credita
1273 2029 1412 2083 Teneris.

381 2126 447 2180 Val.
468 2127 548 2180 Max.
566 2126 596 2180 9.
621 2126 656 2179 15
676 2131 739 2180 ext.
764 2125 777 2179 1
803 2125 919 2179 credita
941 2133 1026 2183 esset
1047 2130 1185 2184 incendio
1207 2127 1367 2197 periisse]
1383 2157 1416 2165 -

381 2223 454 2276 Met.
479 2220 506 2290 1,
531 2220 566 2275 10
597 2220 727 2274 dubitati
749 2226 830 2276 tecta
849 2223 997 2290 parentis,
1024 2221 1052 2292 6,
1077 2221 1131 2276 108
1152 2238 1190 2276 an
1214 2224 1273 2277 dea
1289 2223 1348 2276 sim
1365 2222 1419 2274 du·

382 2315 473 2371 bitor.
502 2317 559 2386 [Cf.
587 2318 671 2384 virg.
698 2318 766 2371 AEn.
794 2317 825 2387 3,
851 2317 904 2372 170
928 2318 1065 2387 longaevo
1089 2320 1169 2374 diota
1192 2319 1309 2388 paventi
1334 2319 1417 2372 haud

382 2409 578 2479 dubitando]

383 2560 475 2638 Quid
498 2562 542 2627 de
564 2562 675 2629 verbo
697 2581 833 2629 «noceo
850 2584 868 2627 ›>
887 2563 1020 2647 dicam,
1042 2564 1137 2649 quod
1160 2568 1287 2630 contra
1314 2580 1417 2629 sanae

382 2672 577 2741 latinitatis
593 2674 696 2758 leges
711 2679 854 2761 passive
872 2681 1084 2763 usurpatum
1098 2677 1193 2763 apud
1208 2674 1417 2743 Vitruvium

384 2786 707 2856 animadvertimus
721 2790 735 2855 1

418 2953 448 3007 1.
467 2953 485 3007 9
501 2954 545 3022 (p.
564 2952 609 3022 59)
633 2954 708 3007 larix
729 2968 789 3008 non
806 2959 943 3010 nocetur.
963 2986 997 2995 —
1012 2956 1091 3010 Ibid.
1111 2955 1127 3008 7
1147 2957 1191 3025 (p.
1210 2954 1256 3023 15)
1279 2954 1317 3008 ab
1337 2955 1418 3023 ignis

383 3050 575 3105 vehementia
589 3054 746 3104 nocentur.

428 3200 515 3273 Quae
530 3196 742 3264 enumeravi
757 3198 881 3283 verba,
899 3202 1049 3283 excepto
1070 3217 1143 3265 uno
1161 3220 1179 3263 v<
1195 3198 1367 3283 obstrepo
1384 3221 1416 3279 »‚

384 3312 480 3395 apud
513 3312 686 3379 Nostrum
720 3317 919 3401 oecurrunt
944 3310 1015 3399 (1);
1048 3331 1229 3398 nusquam
1256 3331 1341 3379 vero
1375 3332 1419 3379 ea

384 3424 527 3510 passive
545 3424 778 3502 adhibentur.

428 3651 456 3738 δ)
481 3653 567 3720 Ideo
592 3672 736 3739 quoque
753 3658 789 3719 et
808 3653 971 3738 aequales
991 3653 1147 3719 Phaedro
1163 3650 1362 3737 scriptores
1383 3656 1419 3717 ot

384 3770 526 3856 priores
557 3770 852 3856 reprehendendi
882 3776 968 3835 sunt
997 3768 1091 3853 quod
1126 3767 1240 3833 multa
1269 3784 1417 3846 eorum,

385 3904 467 3971 quae
497 3883 731 3951 intransitiva
753 3889 857 3967 sunt,
881 3883 1075 3950 verborum
1095 3880 1286 3949 transitive
1309 3878 1419 3947 adhi-

385 4086 589 4093 ...-—.———.
789 4086 872 4091 --....-

420 4180 459 4248 (1)
476 4179 603 4234 Credere
619 4182 644 4235 Ι.
664 4178 709 4249 10,
726 4178 779 4249 10;
798 4179 828 4233 3.
845 4180 894 4234 Pr.
913 4177 967 4248 943
984 4176 1121 4232 dubitare
1137 4179 1161 4233 1.
1181 4178 1226 4248 11,
1242 4178 1295 4247 15;
1311 4194 1417 4232 nocere

383 4264 414 4321 5.
431 4266 458 4335 3,
474 4265 522 4323 11.
