3134 5100
578 1334 732 1416 ulPur
769 1336 782 1415 Ι

299 1638 432 1732 QUIBUS
451 1665 653 1724 VOCABULIS
672 1665 854 1720 PHAEDRUS
873 1665 965 1720 USUS
984 1665 1063 1720 SIT‘l

210 1973 247 2042 Si
258 1973 519 2042 vocabulorum
535 1971 682 2055 seriem,
696 1971 828 2058 quibus
839 1989 927 2039 usus
938 1976 994 2038 est
1004 1972 1195 2057 Phaedrus

162 2085 382 2174 perspicies,
398 2105 505 2172 quam
523 2103 637 2172 pauca
654 2103 748 2151 nova
763 2088 800 2151 et
815 2102 943 2170 parum
958 2083 1073 2151 latina
1089 2084 1195 2169 judi-

163 2204 284 2270 canda
300 2202 386 2286 siut,
403 2199 596 2270 miraberis
612 2217 619 2268 :
633 2199 706 2266 imo
723 2218 742 2266 e
758 2198 863 2270 novis
874 2197 950 2266 illis
963 2198 1196 2285 insolitisque

160 2316 317 2386 vocibus
332 2317 457 2386 multae
473 2315 525 2384 ihi
541 2318 750 2398 occurrunt,
768 2313 831 2381 uhi
846 2313 898 2379 ita
911 2313 1012 2381 dubii
1027 2313 1198 2381 videntur

163 2431 325 2515 codices
344 2435 382 2497 ut
397 2431 500 2497 nulla
515 2430 606 2496 fides
622 2428 675 2495 eis
691 2427 900 2496 adhibenda
913 2426 972 2495 sit.

211 2548 312 2613 Inter
333 2543 560 2613 substantiva
582 2541 745 2626 nomina,
769 2561 852 2628 quae
874 2540 1061 2610 notatione
1084 2541 1197 2628 digua

162 2658 259 2727 mihi
272 2658 352 2725 visa
369 2661 466 2742 sunt,
484 2658 563 2725 haec
579 2654 809 2743 potissimum
822 2654 948 2741 excepi
966 2673 973 2723 :

210 2774 366 2843 Ardelr'u
397 2810 440 2825 -
468 2773 801 2859 ApiudPhaedrum
835 2771 992 2857 primum
1021 2771 1067 2858 (2.
1097 2772 1131 2855 5,
1162 2771 1196 2859 1)

161 2888 299 2957 deinde
315 2888 409 2974 apud
425 2886 630 2963 Martialem
646 2886 693 2973 (2,
709 2889 751 2970 7;
770 2888 805 2963 4,
820 2884 877 2972 79)
893 2884 1091 2953 iuvenitur.

210 3002 334 3085 Alupu.
362 3003 518 3077 -Quae
547 3018 616 3066 vox
644 2998 738 3085 apud
769 2998 965 3065 Phaedrum
992 2998 1038 3085 (2.
1069 2998 1103 3082 5,
1132 2998 1196 3083 25;

160 3117 200 3183 5.
230 3116 264 3194 3,
293 3113 327 3201 2)
357 3112 513 3200 primum
540 3115 714 3198 apparet;
749 3130 832 3178 mox
858 3113 953 3198 apud
983 3112 1197 3179 iuvenalem

162 3230 214 3317 (8,
241 3228 305 3295 192
328 3227 448 3299 ridere
472 3231 592 3312 potest
614 3224 676 3311 qui
698 3227 965 3292 Mamercorum
991 3223 1137 3311 alapas),
1162 3231 1199 3292 et

161 3340 372 3411 Martialem
407 3342 452 3427 (5,
483 3342 522 3407 61
563 3357 584 3406 0
621 3358 729 3425 quam
764 3338 899 3423 dignus
938 3357 1020 3406 eras
1057 3337 1197 3425 alapis.)

162 3456 362 3545 reperitur.

210 3568 412 3637 auritulus.
437 3603 480 3618 -
502 3568 577 3633 Hoc
597 3566 748 3633 verbum
773 3585 819 3632 ex
841 3565 1020 3651 adjectivo
1048 3564 1196 3633 nomine

163 3682 394 3750 «auritus»
438 3679 664 3757 derivatum,
703 3678 798 3763 apud
842 3678 960 3745 solum
1002 3679 1197 3748 Phaedrum

162 3795 291 3865 inveni
307 3795 348 3882 (Ι.
367 3796 422 3878 11,
437 3793 483 3881 6).

209 3911 370 3978 Derisua
394 3944 438 3959 -
459 3911 572 3985 Quam
593 3925 732 3989 vocem,
763 3924 784 3971 a
811 3906 967 3972 Phaedro
997 3905 1198 3973 adhibitam

164 4030 209 4117 (Ι.
227 4029 283 4110 11,
299 4026 347 4113 2),
365 4023 529 4111 quamvis
546 4024 746 4090 secuudum
761 4022 869 4089 bonae
885 4020 1080 4089 latinitatis
1095 4022 1199 4106 leges

165 4142 364 4210 informata
379 4137 559 4219 videatur,
573 4154 644 4202 uon
657 4140 741 4201 aute
752 4132 907 4217 Augusti
922 4139 1085 4221 tempora
1101 4133 1200 4201 inve-

136 4258 139 4263 '
166 4253 269 4339 uias3
294 4270 420 4318 verum
443 4250 537 4336 apud
562 4266 682 4334 prosae
706 4246 885 4314 orationis
910 4247 1107 4334 scriptores
1136 4249 1200 4334 qui

1041 4361 1059 4415 2
1124 4407 1128 4416 .
