3134 5100
657 1275 784 1357 otrih
813 1277 838 1354 ll

465 1596 512 1652 DE
533 1595 793 1653 CONJUNGTIVIS
812 1594 1028 1651 PARTIGULIS

274 1911 381 1978 Nunc
406 1910 451 1977 ad
478 1909 731 1995 conjunctivae
761 1908 962 1996 particulas
987 1908 1191 1994 veniamus,
1229 1913 1265 1977 et

227 2043 307 2107 eas,
333 2028 372 2090 ut
395 2042 505 2110 supra
527 2023 698 2109 diximus,
719 2023 851 2110 quihus
873 2043 956 2091 cum
973 2024 1162 2109 praecipuo
1181 2024 1266 2090 sub-

216 2143 322 2216 jecto
350 2139 546 2206 verborum
571 2138 852 2224 comprehensio
878 2137 1121 2222 connectitur,
1145 2142 1182 2206 et
1203 2157 1265 2207 eas

226 2248 364 2334 quibus
388 2250 552 2334 ejusdem
575 2247 724 2334 generis
747 2251 942 2318 verborum
966 2249 1265 2318 continuationes

225 2361 329 2430 inter
344 2381 383 2430 se
399 2363 630 2450 copulantur.

648 2497 650 2501 ’
743 2535 758 2599 1

274 2763 305 2852 α)
335 2764 489 2833 Recedit
516 2764 663 2851 quidem
692 2766 871 2834 Phaedrus
900 2784 921 2832 a
948 2764 1093 2833 sincera
1121 2764 1264 2850 lingua,

225 2899 313 2947 cum
327 2878 365 2947 in
382 2899 438 2963 ea,
456 2900 538 2965 quae
555 2878 710 2965 simplex
726 2885 794 2963 est,
809 2878 1101 2965 interrogatione
1116 2878 1265 2965 obliqua

138 3052 140 3055 .
224 3014 304 3063 non
322 3017 340 3060 s
356 3015 412 3080 ne,
429 3014 516 3062 aum
530 3017 564 3073 a,
586 2997 649 3064 sed
667 3015 780 3062 «aa»
797 2993 1016 3081 particulam
1032 2999 1184 3081 usurpat
1201 3012 1209 3061 :

265 3144 288 3198 l.
305 3143 349 3214 24,
367 3144 384 3198 5
403 3144 601 3213 Interrogavit
620 3144 753 3199 ambove
773 3148 858 3199 esset
871 3144 968 3199 latior.
987 3144 1015 3198 4.
1030 3141 1057 3213 9,
1073 3142 1091 3198 6
1110 3144 1202 3198 Simul
1217 3158 1265 3199 ro-

224 3238 311 3306 gavit
326 3254 368 3291 cn
383 3243 467 3294 esset
482 3239 578 3294 dulcis
593 3239 698 3307 liquor.

220 3375 297 3443 Sed
314 3375 408 3461 quod
429 3374 468 3442 iu
488 3376 644 3443 Phaedro
662 3352 981 3463 reprehendimus
998 3374 1096 3443 idem
1116 3380 1153 3443 et
1168 3378 1264 3464 apud

222 3488 406 3573 aequales,
422 3492 461 3555 ut
476 3487 643 3556 Ovidium
654 3487 699 3575 (l)
714 3488 978 3575 Valeriumque
994 3488 1192 3557 Maximum
1203 3489 1263 3579 (2),

263 3736 302 3805 (l)
324 3738 362 3792 M.
383 3738 405 3792 l.
429 3735 480 3791 537
506 3736 536 3790 in
561 3736 701 3804 ambiguo
721 3740 770 3790 est
791 3751 832 3789 ort
854 3735 894 3790 sit
919 3750 1129 3804 comprensus
1158 3734 1186 3789 3.
1212 3734 1266 3791 346

220 3821 385 3875 consultus
405 3836 446 3875 cn
465 3825 550 3875 esset
568 3821 698 3875 visurus.
718 3819 746 3889 4,
767 3818 820 3873 432
838 3820 935 3873 haeret
953 3834 995 3872 ort
1009 3820 1077 3875 haec
1095 3819 1145 3874 sit.
1165 3819 1192 3874 6.
1212 3817 1266 3874 268

220 3922 270 3961 aa
285 3906 343 3961 dea
358 3907 415 3960 sim
431 3906 560 3961 dubitor.
578 3906 619 3960 of.
636 3904 681 3974 to,
697 3904 741 3958 27.
759 3903 822 3957 ill.
837 3902 901 3957 254.
917 3902 1058 3958 676697.

264 3988 304 4058 (2)
323 3989 350 4044 2.
366 3990 394 4055 2,
409 3989 427 4042 4
441 3989 571 4058 experiri
581 3989 661 4043 volui
676 4004 717 4043 art
733 3988 839 4043 scires
854 3986 882 4041 3.
898 3986 915 4040 2
930 3992 990 4042 ext.
1003 3988 1021 4041 5
1034 4004 1076 4041 an
1090 3988 1148 4043 lusi
1159 3989 1265 4046 hostes

218 4076 335 4142 forent,
351 4074 554 4141 interrogavit.
572 4072 598 4127 5.
616 4072 630 4126 l
648 4077 708 4128 ext.
724 4072 742 4124 3
756 4074 991 4141 percontabatur
1004 4088 1045 4127 aa
1056 4088 1094 4128 ea
1104 4073 1263 4130 dixissent.

217 4160 253 4214 8.
279 4158 307 4225 5,
329 4158 347 4211 6
371 4174 413 4211 on
434 4186 469 4197 -
492 4158 652 4227 pertineat,
675 4158 735 4225 ipsi
756 4158 956 4213 aestimabitis
978 4157 1006 4221 9.
1030 4156 1064 4220 16
1077 4163 1138 4224 ext,
1153 4158 1265 4223 ian-

220 4241 444 4318 absumpserit,
461 4241 611 4309 ambiguae
625 4241 836 4303 aestimationis
851 4246 908 4305 est,
