3134 5100
788 545 947 608 -qq-

350 709 416 776 sito
445 671 610 796 praemi0.
641 709 693 776 Cf.
721 711 754 776 3.
784 711 839 791 14,
869 711 891 775 8
919 727 987 776 666
1017 706 1233 794 quaestionis
1255 708 1386 792 positor

354 843 502 892 causam
524 823 718 912 intelligit]
748 829 810 891 aut
830 842 897 910 pro
918 845 937 887 1
959 841 1143 910 apponere
1166 845 1185 928 p
1213 820 1258 909 [l.
1281 822 1338 902 26,
1362 822 1385 887 5

353 937 530 1024 liquidam
554 939 710 1023 posuisse
738 937 990 1005 sorbitionem.
1017 937 1070 1004 Cf.
1086 937 1144 1019 18,
1172 939 1194 1002 4
1222 934 1383 1020 nidoque

348 1052 467 1136 posuit
478 1049 602 1136 pullis
613 1069 735 1118 escam
745 1049 1002 1138 utcarperent]
1015 1051 1105 1117 :sed
1119 1067 1246 1116 eorum
1259 1055 1383 1114 tamen

351 1165 545 1232 verborum
560 1164 653 1231 illud
669 1165 721 1232 ita
736 1165 984 1234 adhibuerunt
998 1164 1125 1232 Cicero
1141 1161 1187 1251 (1)
1204 1168 1240 1230 61
1253 1160 1384 1245 Virgi-

352 1276 424 1344 lius
441 1275 501 1363 (2),
518 1277 587 1344 hoc
604 1283 724 1344 autem
740 1279 826 1344 Cato
840 1277 886 1364 (3)
902 1275 1146 1361 Horatiusque
1163 1274 1174 1363 (
1198 1275 1223 1361 ).

398 1393 484 1458 Haeo
505 1408 592 1457 vero
612 1391 697 1474 duo,
721 1411 803 1477 quae
824 1395 1037 1475 sequentur,
1060 1390 1172 1457 verba
1196 1389 1381 1471 «lipare»

354 1522 418 1590 pro
434 1525 454 1568 c
470 1503 658 1587 alligare»
684 1501 733 1590 [4.
751 1507 784 1587 6,
801 1506 824 1571 5
842 1505 953 1571 duces
969 1521 1095 1570 eorum
1116 1501 1177 1587 qui
1200 1500 1383 1587 capitibus

352 1641 490 1692 cornua
506 1623 582 1691 suis
598 1623 789 1712 liparorrt]‚
810 1624 1020 1689 «1111116161
1037 1640 1103 1708 pro
1120 1621 1345 1688 «demittere
1361 1641 1381 1682 »

354 1735 403 1824 [5.
427 1739 462 1814 7,
484 1736 528 1803 13
553 1736 671 1804 aulaeo
693 1737 809 1819 misso,
838 1735 1019 1802 devolutis
1043 1732 1257 1821 tonitribus]
1285 1751 1381 1798 nus-

352 1866 460 1934 quam
482 1847 571 1916 alibi
595 1846 657 1915 ita·
673 1848 838 1916 adbibita
859 1847 1029 1933 equidem
1050 1845 1199 1932 reperi:
1227 1863 1383 1931 quorum

352 1964 507 2030 alterum
528 1983 572 2031 eo
594 1963 815 2032 insolentius
830 1962 987 2045 videtur,
1009 1963 1105 2048 quod
1126 1967 1166 2028 nt
1180 1958 1383 2045 composito

350 2078 462 2145 verbo
490 2076 724 2162 «alligare»
750 2076 802 2143 ita
828 2074 988 2162 simplici
1012 2096 1031 2138 u
1053 2073 1172 2158 ligare
1194 2095 1214 2138 1
1237 2071 1384 2139 dativus

352 2191 577 2276 adjungitur.

395 2431 425 2518 β)
450 2429 612 2517 Optimos
633 2429 831 2516 scriptores
847 2428 981 2496 latinos
1000 2427 1135 2496 scimus
1156 2447 1238 2494 cum
1254 2425 1386 2492 infini-

352 2546 425 2615 tivo
442 2545 586 2633 passivo
601 2566 675 2614 non
693 2544 835 2633 «coepi,
852 2543 994 2628 desii»,
1015 2546 1078 2613 sed
1096 2567 1114 2609 c
1129 2550 1270 2630 coeptus
1286 2562 1384 2626 sum,

352 2663 491 2731 desitus
507 2683 586 2731 sum
602 2685 620 2727 »
645 2662 764 2729 solere
781 2668 994 2729 construere
1010 2661 1069 2748 (5).
1093 2662 1146 2729 Ab
1162 2659 1228 2727 illa
1242 2661 1326 2743 lege
1341 2656 1386 2725 in

347 2777 409 2845 ¹his
425 2776 542 2844 tribus
556 2776 647 2843 locis
662 2776 840 2843 Phaedrus
856 2775 1010 2843 recessit
1027 2792 1034 2843 :

421 2946 443 3000 l.
464 2903 557 3013 11,11
579 2943 723 2998 Lacerari
738 2944 825 3015 coepit
841 2945 971 3013 (cervus)
987 2943 1171 3000 morsibus..

420 3042 447 3095 4.
465 3040 508 3109 17,
543 3041 560 3095 6
579 3040 668 3095 Ferri
684 3042 828 3096 secundis
845 3046 907 3095 tnta
921 3039 1008 3110 coepr't
1022 3041 1130 3109 (navis)
1146 3040 1276 3093 flatibus

386 3140 412 3195 5.
439 3140 465 3211 7,
491 3138 574 3195 13-14
598 3142 637 3195 111
660 3145 866 3209 spectatorum
887 3154 954 3194 mos
986 3144 1034 3193 est
1057 3143 1088 3193 et
1110 3138 1242 3206 lepidum
1266 3151 1386 3207 genus,

351 3322 509 3329 .—--...-.
531 3323 564 3326 ..-..
584 3322 620 3326 ..-
638 3320 888 3326 --.---ῥ.--..-»,--.

386 3432 425 3500 (1)
445 3434 488 3487 De
503 3434 552 3489 Or.
569 3434 591 3489 Ι.
607 3431 652 3502 11,
668 3432 721 3488 191
736 3434 987 3501 quaestiunculam
1007 3431 1133 3503 ponitis.
1151 3433 1192 3487 cf.
1207 3433 1295 3487 Tusc.
1309 3431 1335 3486 1.
1347 3432 1381 3485 4.
1483 3441 1486 3443 ’

387 3516 426 3585 (1)
445 3519 512 3573 AEn.
532 3518 558 3587 5,
575 3518 628 3573 191
642 3520 746 3573 invitat
760 3519 866 3588 pretiis
881 3518 998 3572 animos
1015 3523 1046 3572 et
1061 3519 1186 3587 praemia
1197 3516 1298 3586 perit.

386 3601 425 3671 (3)
445 3604 479 3659 R.
497 3605 531 3659 R.
547 3603 582 3657 79
597 3604 673 3659 6181
692 3605 798 3672 globos
813 3605 902 3658 melle
916 3604 1057 3672 unguit03
1076 3604 1118 3657 ita
1128 3602 1247 3671 ponito.

385 3686 425 3753 (1)
445 3687 504 3741 Sat.
521 3686 551 3741 1.
570 3687 597 3755 1,
613 3687 648 3740 13
659 3687 756 3757 posito
772 3700 889 3756 pavone
893 3726 968 3756 .....
988 3688 1046 3741 hoc
1059 3688 1262 3755 potiusquam
1273 3686 1386 3752 gallina

349 3775 470 3838 tergere
485 3775 631 3841 palatum.

387 3858 426 3925 (5)
447 3859 491 3913 cf.
510 3858 628 3925 Madvig
642 3857 743 3929 §.rol
761 3860 884 3926 Draeger
899 3860 925 3913 I.
944 3874 974 3927 p.
992 3856 1053 3926 159,
1071 3873 1120 3926 sq.

387 3944 481 4006 Quam
497 3946 601 3996 contra
615 3943 714 4010 legem
730 3957 768 3997 ne
784 3944 879 3997 semel
890 3944 1012 4010 quidem
1028 3943 1178 3998 Caesarem
1194 3943 1385 3997 61616616-

350 4040 420 4080 nem
434 4027 611 4093 peccavisse
627 4032 764 4082 constot:
790 4042 901 4095 nempe
915 4029 991 4096 haec,
1015 4042 1084 4095 quae
1099 4028 1128 4082 in
1143 4029 1261 4082 Tuscul.
1278 4028 1315 4094 (1.
1335 4026 1384 4095 13,

348 4108 394 4177 19)
410 4110 519 4177 legitur
533 4111 646 4165 oratio:
672 4112 752 4179 «qui
776 4112 909 4165 nondum
931 4126 1051 4178 eaquae
1073 4142 1105 4150 —
1130 4110 1260 4165 tractari
1281 4110 1386 4181 666616-

348 4196 503 4249 6611111116
524 4196 685 4263 singularis
709 4201 806 4251 estut
822 4215 834 4248 v
852 4199 945 4268 coepta
965 4200 1065 4250 3111111
1089 4197 1153 4254 Keil
1176 4197 1257 4251 haud
1277 4197 1388 4253 imme·

230 4310 231 4315 )
349 4280 406 4339 rito
422 4279 600 4337 restituerit.
