3134 5100
465 1106 904 1215 Pnoffilltutl

213 2151 255 2218 ln
278 2168 344 2217 suo
367 2149 412 2216 de
431 2149 627 2217 minoribus
647 2151 768 2216 latinis
783 2151 896 2235 poetis
911 2149 1006 2217 libro
1022 2147 1068 2236 (1)
1085 2167 1198 2233 egre·
1282 2155 1285 2158 ’

170 2261 253 2347 gius
276 2263 341 2331 ille
365 2263 534 2350 scriptor,
551 2267 591 2331 D.
608 2263 755 2348 Nisard,
772 2282 847 2331 non
870 2261 949 2330 sine
972 2261 1200 2349 lepidissima

170 2379 328 2464 quadam
344 2378 551 2447 urbanitate
567 2379 659 2446 dixit
674 2378 862 2465 firmisque
873 2377 1101 2464 argumentis
1114 2398 1202 2464 pro-

168 2489 270 2559 bavit
297 2508 372 2558 non
402 2489 485 2559 ideo
514 2491 709 2559 Phaedrum
740 2491 984 2579 apologorum
1009 2490 1201 2559 materiam

168 2604 398 2688 tractavisse,
414 2604 500 2691 quia
516 2604 652 2673 invicto
668 2612 812 2673 naturae
828 2610 927 2674 motu
950 2607 995 2672 ad
1017 2604 1110 2672 illud
1133 2604 1200 2672 lit-

168 2724 331 2786 terarum
344 2723 471 2807 [genus
497 2718 609 2786 suerit
634 2718 834 2806 impulsuS,
865 2721 928 2787 sed
954 2718 1199 2803 intellexerit,

169 2830 435 2918 praeoccupatis
458 2831 599 2900 artibus
623 2830 768 2915 ceteris
793 2830 830 2897 id
853 2851 966 2899 unum
989 2830 1201 2898 etiamtunc

171 2946 363 3012 «romanis
387 2946 538 3029 inpectis
559 2947 774 3012 intentatum
795 2923 883 3029 opus
893 2967 912 3009 >›
929 2943 976 3033 (2)
993 2962 1199 3031 superesse,

170 3077 244 3144 quo
264 3058 383 3126 locum
409 3058 569 3145 aliquem
591 3060 689 3126 inter
704 3058 839 3126 latinos
860 3057 1057 3144 scriptores
1079 3062 1203 3142 posset

170 3170 351 3251 obtinere.
363 3173 463 3248 Quod
476 3176 515 3239 ut
525 3176 796 3257 assequeretur,
808 3170 906 3238 omni
923 3189 990 3257 ope
1006 3171 1202 3237 Phaedrum

169 3282 317 3350 enisum
339 3303 419 3351 esse
439 3284 683 3351 crediderim:
707 3301 838 3368 nempe
861 3283 964 3349 nulla
985 3288 1040 3349 est
1061 3281 1100 3347 in
1122 3282 1202 3365 ejus

168 3416 283 3484 opere
306 3397 442 3481 fabula,
460 3398 536 3465 sere
553 3397 677 3463 nullus
693 3401 749 3463 est
763 3415 891 3463 versus
909 3394 971 3481 qui
994 3413 1068 3462 non
1093 3394 1201 3461 labo-

168 3528 251 3577 rem
267 3508 451 3577 infinitum
467 3507 796 3594 incredibilemque
809 3506 847 3575 in
859 3507 1064 3593 eloquendo
1078 3524 1202 3573 curam

168 3621 367 3691 manifesto
383 3623 557 3690 declaret.

217 3733 380 3802 Primum
404 3734 619 3802 brevitatem
643 3738 743 3801 tanto
764 3731 905 3816 studio,
931 3738 971 3799 ut
996 3731 1074 3819 ipse
1101 3750 1202 3818 prae·

210 4040 250 4107 (l)
268 4040 343 4094 Vide
358 4053 426 4108 pag.
442 4039 488 4109 lo,
504 4054 551 4107 sq.

210 4123 249 4191 (2)
270 4123 386 4177 Seneca
409 4123 497 4177 Cone.
523 4123 561 4177 ad
586 4123 686 4191 Polyb.
712 4122 767 4176 27:
793 4136 853 4176 non
877 4122 974 4176 audeo
1001 4128 1030 4177 te
1053 4137 1151 4191 usque
1169 4138 1206 4178 eo

168 4210 353 4279 producere,
369 4212 403 4261 ut
418 4208 542 4262 fabellas
557 4212 588 4261 et
602 4221 743 4275 aesopeos
757 4207 853 4277 logos
872 4205 1057 4261 intentatum
1071 4208 1207 4261 romanis

168 4292 305 4363 inpectis
322 4308 403 4363 opos,
421 4293 508 4349 solita
522 4292 574 4347 tibi
589 4296 749 4349 venustate
766 4297 940 4347 connectas,
