<?xml version="1.0" encoding="UTF-8"?>
<!DOCTYPE html PUBLIC "-//W3C//DTD XHTML 1.0 Transitional//EN"
    "http://www.w3.org/TR/xhtml1/DTD/xhtml1-transitional.dtd">
<html xmlns="http://www.w3.org/1999/xhtml" xml:lang="en" lang="en">
 <head>
  <title>
</title>
<meta http-equiv="Content-Type" content="text/html;charset=utf-8" />
  <meta name='ocr-system' content='tesseract 3.04.00' />
  <meta name='ocr-capabilities' content='ocr_page ocr_carea ocr_par ocr_line ocrx_word'/>
</head>
<body>
  <div class='ocr_page' id='page_1' title='image "./dephaedrisermon00causgoog_0088.png"; bbox 0 0 3134 5100; ppageno 0'>
   <div class='ocr_carea' id='block_1_1' title="bbox 725 844 1032 926">
    <p class='ocr_par' dir='ltr' id='par_1_1' title="bbox 725 844 1032 926">
     <span class='ocr_line' id='line_1_1' title="bbox 725 844 1032 926; baseline -0.007 0"><span class='ocrx_word' id='word_1_1' title='bbox 725 844 772 926; x_wconf 84' lang='lat'>11&#39;.</span> <span class='ocrx_word' id='word_1_2' title='bbox 792 894 837 910; x_wconf 96' lang='lat'>-</span> <span class='ocrx_word' id='word_1_3' title='bbox 856 876 904 926; x_wconf 84' lang='lat' dir='ltr'>nn</span> <span class='ocrx_word' id='word_1_4' title='bbox 925 875 1032 926; x_wconf 86' lang='lat' dir='ltr'>uonrs</span> 
     </span>
    </p>
   </div>
   <div class='ocr_carea' id='block_1_2' title="bbox 654 1137 1097 1217">
    <p class='ocr_par' dir='ltr' id='par_1_2' title="bbox 654 1137 1097 1217">
     <span class='ocr_line' id='line_1_2' title="bbox 654 1137 1097 1217; baseline -0.009 -9"><span class='ocrx_word' id='word_1_5' title='bbox 654 1157 690 1208; x_wconf 78' lang='grc' dir='ltr'>Α.</span> <span class='ocrx_word' id='word_1_6' title='bbox 716 1140 768 1206; x_wconf 86' lang='lat' dir='ltr'>De</span> <span class='ocrx_word' id='word_1_7' title='bbox 788 1138 962 1217; x_wconf 75' lang='lat' dir='ltr'>infinitivo</span> <span class='ocrx_word' id='word_1_8' title='bbox 984 1137 1097 1205; x_wconf 80' lang='lat' dir='ltr'>modo.</span> 
     </span>
    </p>
   </div>
   <div class='ocr_carea' id='block_1_3' title="bbox 357 1403 1395 2511">
    <p class='ocr_par' dir='ltr' id='par_1_3' title="bbox 360 1403 1395 1944">
     <span class='ocr_line' id='line_1_3' title="bbox 405 1403 1395 1499; baseline 0 -27"><span class='ocrx_word' id='word_1_9' title='bbox 405 1403 435 1492; x_wconf 78' lang='lat' dir='ltr'>a)</span> <span class='ocrx_word' id='word_1_10' title='bbox 451 1407 492 1472; x_wconf 94' lang='lat' dir='ltr'>In</span> <span class='ocrx_word' id='word_1_11' title='bbox 509 1405 578 1472; x_wconf 88' lang='lat' dir='ltr'>hoc</span> <span class='ocrx_word' id='word_1_12' title='bbox 594 1403 830 1499; x_wconf 82' lang='lat' dir='ltr'>consentiunt</span> <span class='ocrx_word' id='word_1_13' title='bbox 844 1409 962 1491; x_wconf 77' lang='lat' dir='ltr'>poetae</span> <span class='ocrx_word' id='word_1_14' title='bbox 978 1410 1014 1472; x_wconf 90' lang='lat' dir='ltr'>et</span> <span class='ocrx_word' id='word_1_15' title='bbox 1029 1423 1156 1473; x_wconf 90' lang='lat' dir='ltr'>omnes</span> <span class='ocrx_word' id='word_1_16' title='bbox 1178 1403 1204 1471; x_wconf 94' lang='lat' dir='ltr'>ii</span> <span class='ocrx_word' id='word_1_17' title='bbox 1229 1403 1291 1492; x_wconf 87' lang='lat' dir='ltr'>qui</span> <span class='ocrx_word' id='word_1_18' title='bbox 1312 1409 1395 1491; x_wconf 87' lang='lat' dir='ltr'>post</span> 
     </span>
     <span class='ocr_line' id='line_1_4' title="bbox 362 1516 1393 1606; baseline 0 -20"><span class='ocrx_word' id='word_1_19' title='bbox 362 1523 576 1606; x_wconf 82' lang='lat' dir='ltr'>argenteam</span> <span class='ocrx_word' id='word_1_20' title='bbox 593 1522 737 1587; x_wconf 89' lang='lat' dir='ltr'>aetatem</span> <span class='ocrx_word' id='word_1_21' title='bbox 761 1518 1001 1606; x_wconf 87' lang='lat' dir='ltr'>scripserunt,</span> <span class='ocrx_word' id='word_1_22' title='bbox 1025 1525 1065 1586; x_wconf 87' lang='lat' dir='ltr'>ut</span> <span class='ocrx_word' id='word_1_23' title='bbox 1087 1516 1270 1586; x_wconf 86' lang='lat' dir='ltr'>infinitivo</span> <span class='ocrx_word' id='word_1_24' title='bbox 1292 1518 1393 1586; x_wconf 90' lang='lat' dir='ltr'>lihe-</span> 
     </span>
     <span class='ocr_line' id='line_1_5' title="bbox 362 1631 1393 1719; baseline 0 -19"><span class='ocrx_word' id='word_1_25' title='bbox 362 1632 439 1702; x_wconf 90' lang='lat' dir='ltr'>rius</span> <span class='ocrx_word' id='word_1_26' title='bbox 451 1638 601 1702; x_wconf 86' lang='lat' dir='ltr'>utantur</span> <span class='ocrx_word' id='word_1_27' title='bbox 611 1632 901 1719; x_wconf 86' lang='lat' dir='ltr'>atque,exempli</span> <span class='ocrx_word' id='word_1_28' title='bbox 912 1632 1109 1716; x_wconf 82' lang='lat' dir='ltr'>causa,ubi</span> <span class='ocrx_word' id='word_1_29' title='bbox 1122 1631 1393 1718; x_wconf 83' lang='lat' dir='ltr'>subjunctivum</span> 
     </span>
     <span class='ocr_line' id='line_1_6' title="bbox 362 1744 1392 1832; baseline -0.001 -19"><span class='ocrx_word' id='word_1_30' title='bbox 362 1765 444 1814; x_wconf 86' lang='lat' dir='ltr'>curn</span> <span class='ocrx_word' id='word_1_31' title='bbox 464 1751 572 1812; x_wconf 80' lang='lat' dir='ltr'>«ut»</span> <span class='ocrx_word' id='word_1_32' title='bbox 596 1744 769 1830; x_wconf 85' lang='lat' dir='ltr'>egregius</span> <span class='ocrx_word' id='word_1_33' title='bbox 793 1744 947 1832; x_wconf 88' lang='lat' dir='ltr'>quisque</span> <span class='ocrx_word' id='word_1_34' title='bbox 968 1744 1124 1832; x_wconf 83' lang='lat' dir='ltr'>scriptor</span> <span class='ocrx_word' id='word_1_35' title='bbox 1139 1746 1233 1812; x_wconf 86' lang='lat' dir='ltr'>solet</span> <span class='ocrx_word' id='word_1_36' title='bbox 1247 1745 1392 1829; x_wconf 88' lang='lat' dir='ltr'>efferre,</span> 
     </span>
     <span class='ocr_line' id='line_1_7' title="bbox 360 1857 790 1944; baseline -0.002 -19"><span class='ocrx_word' id='word_1_37' title='bbox 360 1857 584 1926; x_wconf 87' lang='lat' dir='ltr'>infinitivum</span> <span class='ocrx_word' id='word_1_38' title='bbox 601 1862 790 1944; x_wconf 85' lang='lat' dir='ltr'>usurpent.</span> 
     </span>
    </p>

    <p class='ocr_par' dir='ltr' id='par_1_4' title="bbox 357 1968 1394 2511">
     <span class='ocr_line' id='line_1_8' title="bbox 405 1968 1392 2071; baseline -0.001 -34"><span class='ocrx_word' id='word_1_39' title='bbox 405 1968 537 2038; x_wconf 91' lang='lat' dir='ltr'>Merito</span> <span class='ocrx_word' id='word_1_40' title='bbox 564 1969 711 2058; x_wconf 88' lang='lat' dir='ltr'>quidem</span> <span class='ocrx_word' id='word_1_41' title='bbox 735 1971 931 2071; x_wconf 60' lang='lat' dir='ltr'>IJheedrum</span> <span class='ocrx_word' id='word_1_42' title='bbox 950 1970 1077 2058; x_wconf 80' lang='lat' dir='ltr'>&#39;possis</span> <span class='ocrx_word' id='word_1_43' title='bbox 1101 1971 1392 2058; x_wconf 83' lang='lat' dir='ltr'>reprehendere,</span> 
     </span>
     <span class='ocr_line' id='line_1_9' title="bbox 357 2081 1391 2172; baseline -0.001 -21"><span class='ocrx_word' id='word_1_44' title='bbox 357 2086 456 2172; x_wconf 86' lang='lat' dir='ltr'>¹quod</span> <span class='ocrx_word' id='word_1_45' title='bbox 485 2083 708 2153; x_wconf 88' lang='lat' dir='ltr'>infinitivum</span> <span class='ocrx_word' id='word_1_46' title='bbox 736 2104 819 2152; x_wconf 90' lang='lat' dir='ltr'>cum</span> <span class='ocrx_word' id='word_1_47' title='bbox 848 2084 950 2152; x_wconf 88' lang='lat' dir='ltr'>hisce</span> <span class='ocrx_word' id='word_1_48' title='bbox 978 2084 1100 2154; x_wconf 84' lang='lat' dir='ltr'>verbis</span> <span class='ocrx_word' id='word_1_49' title='bbox 1133 2081 1391 2171; x_wconf 85' lang='lat' dir='ltr'>conjunxerit:</span> 
     </span>
     <span class='ocr_line' id='line_1_10' title="bbox 360 2198 1394 2288; baseline -0.003 -23"><span class='ocrx_word' id='word_1_50' title='bbox 360 2204 506 2285; x_wconf 81' lang='lat' dir='ltr'>captore</span> <span class='ocrx_word' id='word_1_51' title='bbox 523 2201 556 2266; x_wconf 85' lang='grc'>4.</span> <span class='ocrx_word' id='word_1_52' title='bbox 578 2202 611 2284; x_wconf 88' lang='grc'>8,</span> <span class='ocrx_word' id='word_1_53' title='bbox 633 2201 654 2267; x_wconf 92' lang='grc'><strong>6</strong></span> <span class='ocrx_word' id='word_1_54' title='bbox 674 2198 744 2288; x_wconf 88' lang='lat' dir='ltr'>(me</span> <span class='ocrx_word' id='word_1_55' title='bbox 764 2203 884 2284; x_wconf 78' lang='lat' dir='ltr'>coptos</span> <span class='ocrx_word' id='word_1_56' title='bbox 904 2199 1070 2286; x_wconf 72' lang='lat' dir='ltr'>loedere);</span> <span class='ocrx_word' id='word_1_57' title='bbox 1090 2217 1231 2266; x_wconf 85' lang='lat' dir='ltr'>merere</span> <span class='ocrx_word' id='word_1_58' title='bbox 1248 2200 1283 2265; x_wconf 89' lang='lat'>3.</span> <span class='ocrx_word' id='word_1_59' title='bbox 1300 2199 1356 2280; x_wconf 91' lang='grc'>11,</span> <span class='ocrx_word' id='word_1_60' title='bbox 1372 2199 1394 2261; x_wconf 87' lang='grc'><strong>7</strong></span> 
     </span>
     <span class='ocr_line' id='line_1_11' title="bbox 358 2305 1392 2398; baseline -0.005 -20"><span class='ocrx_word' id='word_1_61' title='bbox 358 2311 468 2398; x_wconf 80' lang='lat' dir='ltr'>(quod</span> <span class='ocrx_word' id='word_1_62' title='bbox 483 2313 619 2378; x_wconf 81' lang='lat' dir='ltr'>meruit</span> <span class='ocrx_word' id='word_1_63' title='bbox 627 2310 741 2397; x_wconf 81' lang='lat' dir='ltr'>poti);</span> <span class='ocrx_word' id='word_1_64' title='bbox 767 2315 891 2396; x_wconf 78' lang='lat' dir='ltr'>optare</span> <span class='ocrx_word' id='word_1_65' title='bbox 909 2312 944 2379; x_wconf 88' lang='lat'>5.</span> <span class='ocrx_word' id='word_1_66' title='bbox 963 2313 998 2396; x_wconf 89' lang='lat'>3,</span> <span class='ocrx_word' id='word_1_67' title='bbox 1024 2313 1067 2378; x_wconf 90' lang='grc'>10</span> <span class='ocrx_word' id='word_1_68' title='bbox 1091 2310 1218 2398; x_wconf 83' lang='lat' dir='ltr'>(optem</span> <span class='ocrx_word' id='word_1_69' title='bbox 1230 2305 1371 2395; x_wconf 83' lang='lat' dir='ltr'>necare)</span> <span class='ocrx_word' id='word_1_70' title='bbox 1382 2326 1392 2391; x_wconf 94' lang='lat'>;</span> 
     </span>
     <span class='ocr_line' id='line_1_12' title="bbox 358 2421 1391 2511; baseline -0.003 -22"><span class='ocrx_word' id='word_1_71' title='bbox 358 2441 523 2506; x_wconf 75' lang='lat' dir='ltr'>peterere</span> <span class='ocrx_word' id='word_1_72' title='bbox 541 2424 575 2489; x_wconf 91' lang='lat'>3.</span> <span class='ocrx_word' id='word_1_73' title='bbox 593 2426 653 2490; x_wconf 92' lang='lat' dir='ltr'>Pr.</span> <span class='ocrx_word' id='word_1_74' title='bbox 659 2473 668 2506; x_wconf 91' lang='lat'>,</span> <span class='ocrx_word' id='word_1_75' title='bbox 683 2423 728 2491; x_wconf 81' lang='lat'>25</span> <span class='ocrx_word' id='word_1_76' title='bbox 749 2421 987 2511; x_wconf 76' lang='lat' dir='ltr'>(exopperore</span> <span class='ocrx_word' id='word_1_77' title='bbox 1007 2421 1153 2510; x_wconf 82' lang='lat' dir='ltr'>quoerit)</span> <span class='ocrx_word' id='word_1_78' title='bbox 1163 2441 1173 2507; x_wconf 92' lang='lat'>;</span> <span class='ocrx_word' id='word_1_79' title='bbox 1198 2422 1348 2488; x_wconf 82' lang='lat' dir='ltr'>suadere</span> <span class='ocrx_word' id='word_1_80' title='bbox 1363 2422 1391 2487; x_wconf 92' lang='lat'>1.</span> 
     </span>
    </p>
   </div>
   <div class='ocr_carea' id='block_1_4' title="bbox 358 2535 1391 2626">
    <p class='ocr_par' dir='ltr' id='par_1_5' title="bbox 358 2535 1391 2626">
     <span class='ocr_line' id='line_1_13' title="bbox 358 2535 1391 2626; baseline -0.002 -21"><span class='ocrx_word' id='word_1_81' title='bbox 358 2537 413 2621; x_wconf 85' lang='lat'>15,</span> <span class='ocrx_word' id='word_1_82' title='bbox 428 2538 449 2605; x_wconf 91' lang='grc'>6</span> <span class='ocrx_word' id='word_1_83' title='bbox 465 2535 511 2625; x_wconf 83' lang='grc'>(1)</span> <span class='ocrx_word' id='word_1_84' title='bbox 525 2536 706 2626; x_wconf 81' lang='lat' dir='ltr'>(suadebat</span> <span class='ocrx_word' id='word_1_85' title='bbox 721 2537 845 2606; x_wconf 82' lang='lat' dir='ltr'>animo</span> <span class='ocrx_word' id='word_1_86' title='bbox 862 2539 1013 2625; x_wconf 83' lang='lat' dir='ltr'>supere).</span> <span class='ocrx_word' id='word_1_87' title='bbox 1036 2538 1187 2606; x_wconf 88' lang='lat' dir='ltr'>Illorum</span> <span class='ocrx_word' id='word_1_88' title='bbox 1203 2556 1290 2604; x_wconf 87' lang='lat' dir='ltr'>vero</span> <span class='ocrx_word' id='word_1_89' title='bbox 1304 2555 1391 2604; x_wconf 87' lang='lat' dir='ltr'>ver-</span> 
     </span>
    </p>
   </div>
   <div class='ocr_carea' id='block_1_5' title="bbox 358 2632 1393 2969">
    <p class='ocr_par' dir='ltr' id='par_1_6' title="bbox 358 2632 1393 2969">
     <span class='ocr_line' id='line_1_14' title="bbox 359 2632 1393 2743; baseline -0.004 -21"><span class='ocrx_word' id='word_1_90' title='bbox 359 2656 489 2723; x_wconf 91' lang='lat' dir='ltr'>borum</span> <span class='ocrx_word' id='word_1_91' title='bbox 523 2656 666 2723; x_wconf 92' lang='lat' dir='ltr'>nullum</span> <span class='ocrx_word' id='word_1_92' title='bbox 700 2660 755 2723; x_wconf 86' lang='lat' dir='ltr'>est</span> <span class='ocrx_word' id='word_1_93' title='bbox 787 2654 875 2743; x_wconf 88' lang='lat' dir='ltr'>quin</span> <span class='ocrx_word' id='word_1_94' title='bbox 911 2657 1007 2742; x_wconf 85' lang='lat' dir='ltr'>apud</span> <span class='ocrx_word' id='word_1_95' title='bbox 1041 2632 1204 2742; x_wconf 68' lang='lat' dir='ltr'>aequa&#39;les</span> <span class='ocrx_word' id='word_1_96' title='bbox 1237 2652 1393 2720; x_wconf 87' lang='lat' dir='ltr'>Phaedro</span> 
     </span>
     <span class='ocr_line' id='line_1_15' title="bbox 358 2762 1393 2853; baseline -0.005 -20"><span class='ocrx_word' id='word_1_97' title='bbox 358 2764 578 2851; x_wconf 81' lang='lat' dir='ltr'>scriptores,</span> <span class='ocrx_word' id='word_1_98' title='bbox 611 2766 685 2833; x_wconf 88' lang='lat' dir='ltr'>imo</span> <span class='ocrx_word' id='word_1_99' title='bbox 717 2768 812 2853; x_wconf 83' lang='lat' dir='ltr'>apud</span> <span class='ocrx_word' id='word_1_100' title='bbox 846 2765 991 2852; x_wconf 89' lang='lat' dir='ltr'>priores</span> <span class='ocrx_word' id='word_1_101' title='bbox 1019 2765 1071 2832; x_wconf 86' lang='lat' dir='ltr'>ita</span> <span class='ocrx_word' id='word_1_102' title='bbox 1098 2784 1182 2832; x_wconf 92' lang='lat' dir='ltr'>cum</span> <span class='ocrx_word' id='word_1_103' title='bbox 1210 2762 1393 2832; x_wconf 86' lang='lat' dir='ltr'>infinitivo</span> 
     </span>
     <span class='ocr_line' id='line_1_16' title="bbox 360 2879 818 2969; baseline 0 -22"><span class='ocrx_word' id='word_1_104' title='bbox 360 2879 563 2948; x_wconf 80' lang='lat' dir='ltr'>adhibitum</span> <span class='ocrx_word' id='word_1_105' title='bbox 577 2880 742 2968; x_wconf 83' lang='lat' dir='ltr'>reperias</span> <span class='ocrx_word' id='word_1_106' title='bbox 758 2880 818 2969; x_wconf 79' lang='lat'><strong>(2).</strong></span> 
     </span>
    </p>
   </div>
   <div class='ocr_carea' id='block_1_6' title="bbox 804 3056 922 3064">
    <p class='ocr_par' dir='ltr' id='par_1_7' title="bbox 804 3056 922 3064">
     <span class='ocr_line' id='line_1_17' title="bbox 804 3056 922 3064; baseline 0 -3"><span class='ocrx_word' id='word_1_107' title='bbox 804 3056 922 3064; x_wconf 78' lang='grc'>.-,--...</span> 
     </span>
    </p>
   </div>
   <div class='ocr_carea' id='block_1_7' title="bbox 283 3147 1399 4321">
    <p class='ocr_par' dir='ltr' id='par_1_8' title="bbox 361 3147 1395 3301">
     <span class='ocr_line' id='line_1_18' title="bbox 396 3147 1395 3218; baseline 0 -18"><span class='ocrx_word' id='word_1_108' title='bbox 396 3148 435 3216; x_wconf 81' lang='grc'>(1)</span> <span class='ocrx_word' id='word_1_109' title='bbox 454 3149 530 3202; x_wconf 83' lang='lat' dir='ltr'>Alibi</span> <span class='ocrx_word' id='word_1_110' title='bbox 545 3148 671 3201; x_wconf 81' lang='lat' dir='ltr'>suadere</span> <span class='ocrx_word' id='word_1_111' title='bbox 696 3163 764 3203; x_wconf 87' lang='lat' dir='ltr'>curn</span> <span class='ocrx_word' id='word_1_112' title='bbox 789 3152 852 3202; x_wconf 76' lang='lat' dir='ltr'>rot</span> <span class='ocrx_word' id='word_1_113' title='bbox 868 3166 879 3201; x_wconf 74' lang='lat' dir='ltr'>e</span> <span class='ocrx_word' id='word_1_114' title='bbox 898 3148 1063 3203; x_wconf 74' lang='lat' dir='ltr'>construit:</span> <span class='ocrx_word' id='word_1_115' title='bbox 1088 3147 1206 3218; x_wconf 78' lang='grc'>1.6,11</span> <span class='ocrx_word' id='word_1_116' title='bbox 1234 3148 1341 3202; x_wconf 83' lang='lat' dir='ltr'>suadet</span> <span class='ocrx_word' id='word_1_117' title='bbox 1360 3153 1395 3201; x_wconf 81' lang='lat' dir='ltr'>ot</span> 
     </span>
     <span class='ocr_line' id='line_1_19' title="bbox 361 3231 758 3301; baseline -0.003 -14"><span class='ocrx_word' id='word_1_118' title='bbox 361 3235 518 3301; x_wconf 87' lang='lat' dir='ltr'>scopulum</span> <span class='ocrx_word' id='word_1_119' title='bbox 534 3248 626 3301; x_wconf 88' lang='lat' dir='ltr'>super</span> <span class='ocrx_word' id='word_1_120' title='bbox 641 3231 758 3286; x_wconf 81' lang='lat' dir='ltr'>illidat.</span> 
     </span>
    </p>

    <p class='ocr_par' dir='ltr' id='par_1_9' title="bbox 361 3316 1395 3552">
     <span class='ocr_line' id='line_1_20' title="bbox 397 3316 1394 3387; baseline 0 -17"><span class='ocrx_word' id='word_1_121' title='bbox 397 3316 436 3383; x_wconf 71' lang='lat'>(2)</span> <span class='ocrx_word' id='word_1_122' title='bbox 457 3316 596 3387; x_wconf 84' lang='lat' dir='ltr'>Coptore.</span> <span class='ocrx_word' id='word_1_123' title='bbox 613 3347 645 3356; x_wconf 89' lang='grc'>-</span> <span class='ocrx_word' id='word_1_124' title='bbox 663 3318 750 3372; x_wconf 87' lang='lat' dir='ltr'>Ovid.</span> <span class='ocrx_word' id='word_1_125' title='bbox 779 3318 852 3372; x_wconf 89' lang='lat' dir='ltr'>Met.</span> <span class='ocrx_word' id='word_1_126' title='bbox 881 3317 926 3387; x_wconf 91' lang='grc'>10,</span> <span class='ocrx_word' id='word_1_127' title='bbox 952 3317 987 3370; x_wconf 84' lang='grc'>58</span> <span class='ocrx_word' id='word_1_128' title='bbox 1012 3318 1181 3387; x_wconf 88' lang='lat' dir='ltr'>Prendique</span> <span class='ocrx_word' id='word_1_129' title='bbox 1203 3323 1233 3373; x_wconf 90' lang='lat' dir='ltr'>et</span> <span class='ocrx_word' id='word_1_130' title='bbox 1243 3318 1394 3387; x_wconf 79' lang='lat' dir='ltr'>prendere</span> 
     </span>
     <span class='ocr_line' id='line_1_21' title="bbox 361 3400 1395 3471; baseline 0.006 -20"><span class='ocrx_word' id='word_1_131' title='bbox 361 3403 498 3469; x_wconf 78' lang='lat' dir='ltr'>captores,</span> <span class='ocrx_word' id='word_1_132' title='bbox 528 3402 639 3455; x_wconf 84' lang='lat' dir='ltr'>Colum.</span> <span class='ocrx_word' id='word_1_133' title='bbox 656 3400 684 3471; x_wconf 88' lang='lat'>8,</span> <span class='ocrx_word' id='word_1_134' title='bbox 705 3401 736 3453; x_wconf 85' lang='lat' dir='ltr'>tt</span> <span class='ocrx_word' id='word_1_135' title='bbox 763 3402 895 3469; x_wconf 80' lang='lat' dir='ltr'>agricola</span> <span class='ocrx_word' id='word_1_136' title='bbox 920 3404 1044 3471; x_wconf 82' lang='lat' dir='ltr'>captans</span> <span class='ocrx_word' id='word_1_137' title='bbox 1068 3402 1200 3470; x_wconf 86' lang='lat' dir='ltr'>undique</span> <span class='ocrx_word' id='word_1_138' title='bbox 1224 3403 1395 3470; x_wconf 83' lang='lat' dir='ltr'>voluptates</span> 
     </span>
     <span class='ocr_line' id='line_1_22' title="bbox 361 3499 530 3552; baseline 0.018 -17"><span class='ocrx_word' id='word_1_139' title='bbox 361 3499 530 3552; x_wconf 81' lang='lat' dir='ltr'>oequrrere.</span> 
     </span>
    </p>

    <p class='ocr_par' dir='ltr' id='par_1_10' title="bbox 283 3566 1397 4133">
     <span class='ocr_line' id='line_1_23' title="bbox 396 3566 1393 3641; baseline 0.006 -23"><span class='ocrx_word' id='word_1_140' title='bbox 396 3566 524 3620; x_wconf 81' lang='lat' dir='ltr'>Morere.</span> <span class='ocrx_word' id='word_1_141' title='bbox 545 3598 578 3607; x_wconf 89' lang='lat'>-</span> <span class='ocrx_word' id='word_1_142' title='bbox 595 3569 681 3623; x_wconf 88' lang='lat' dir='ltr'>Ovid.</span> <span class='ocrx_word' id='word_1_143' title='bbox 702 3570 743 3623; x_wconf 88' lang='lat' dir='ltr'>M.</span> <span class='ocrx_word' id='word_1_144' title='bbox 762 3568 789 3638; x_wconf 89' lang='grc'>1,</span> <span class='ocrx_word' id='word_1_145' title='bbox 806 3568 859 3622; x_wconf 74' lang='lat'>‘243</span> <span class='ocrx_word' id='word_1_146' title='bbox 875 3584 951 3637; x_wconf 85' lang='lat' dir='ltr'>quas</span> <span class='ocrx_word' id='word_1_147' title='bbox 966 3570 1098 3638; x_wconf 85' lang='lat' dir='ltr'>(poenes)</span> <span class='ocrx_word' id='word_1_148' title='bbox 1117 3587 1254 3626; x_wconf 73' lang='lat' dir='ltr'>mernere</span> <span class='ocrx_word' id='word_1_149' title='bbox 1264 3570 1346 3641; x_wconf 83' lang='lat' dir='ltr'>poti.</span> <span class='ocrx_word' id='word_1_150' title='bbox 1365 3570 1393 3641; x_wconf 83' lang='lat'>8,</span> 
     </span>
     <span class='ocr_line' id='line_1_24' title="bbox 319 3648 1394 3724; baseline 0.007 -23"><span class='ocrx_word' id='word_1_151' title='bbox 319 3670 324 3677; x_wconf 57' lang='lat'>¹</span> <span class='ocrx_word' id='word_1_152' title='bbox 360 3648 412 3702; x_wconf 69' lang='lat' dir='ltr'>tt‘l</span> <span class='ocrx_word' id='word_1_153' title='bbox 427 3649 526 3703; x_wconf 80' lang='lat' dir='ltr'>merei</span> <span class='ocrx_word' id='word_1_154' title='bbox 532 3681 565 3688; x_wconf 89' lang='lat'><em>-</em></span> <span class='ocrx_word' id='word_1_155' title='bbox 567 3650 681 3719; x_wconf 83' lang='lat' dir='ltr'>perire.</span> <span class='ocrx_word' id='word_1_156' title='bbox 693 3652 720 3721; x_wconf 85' lang='lat'>9,</span> <span class='ocrx_word' id='word_1_157' title='bbox 733 3652 784 3705; x_wconf 83' lang='grc'>563</span> <span class='ocrx_word' id='word_1_158' title='bbox 792 3668 907 3706; x_wconf 81' lang='lat' dir='ltr'>merere</span> <span class='ocrx_word' id='word_1_159' title='bbox 916 3669 982 3708; x_wconf 89' lang='lat' dir='ltr'>meo</span> <span class='ocrx_word' id='word_1_160' title='bbox 990 3653 1132 3708; x_wconf 80' lang='lat' dir='ltr'>subscribi</span> <span class='ocrx_word' id='word_1_161' title='bbox 1140 3670 1234 3711; x_wconf 86' lang='lat' dir='ltr'>causa</span> <span class='ocrx_word' id='word_1_162' title='bbox 1244 3656 1394 3724; x_wconf 89' lang='lat' dir='ltr'>sepulcro.</span> 
     </span>
     <span class='ocr_line' id='line_1_25' title="bbox 360 3735 1391 3809; baseline 0.008 -22"><span class='ocrx_word' id='word_1_163' title='bbox 360 3735 494 3790; x_wconf 85' lang='lat' dir='ltr'>Trist.5-.</span> <span class='ocrx_word' id='word_1_164' title='bbox 513 3735 558 3805; x_wconf 92' lang='grc'>11,</span> <span class='ocrx_word' id='word_1_165' title='bbox 585 3736 620 3790; x_wconf 85' lang='grc'>16</span> <span class='ocrx_word' id='word_1_166' title='bbox 643 3738 715 3801; x_wconf 85' lang='lat' dir='ltr'>Quce</span> <span class='ocrx_word' id='word_1_167' title='bbox 740 3736 839 3791; x_wconf 77' lang='lat' dir='ltr'>neerei</span> <span class='ocrx_word' id='word_1_168' title='bbox 863 3740 933 3793; x_wconf 90' lang='lat' dir='ltr'>vitio</span> <span class='ocrx_word' id='word_1_169' title='bbox 954 3740 1083 3809; x_wconf 84' lang='lat' dir='ltr'>perdere</span> <span class='ocrx_word' id='word_1_170' title='bbox 1107 3746 1216 3795; x_wconf 84' lang='lat' dir='ltr'>cuncta</span> <span class='ocrx_word' id='word_1_171' title='bbox 1239 3755 1320 3795; x_wconf 89' lang='lat' dir='ltr'>meo.</span> <span class='ocrx_word' id='word_1_172' title='bbox 1346 3742 1391 3795; x_wconf 89' lang='lat' dir='ltr'>id.</span> 
     </span>
     <span class='ocr_line' id='line_1_26' title="bbox 361 3820 1392 3895; baseline 0.005 -21"><span class='ocrx_word' id='word_1_173' title='bbox 361 3820 449 3874; x_wconf 91' lang='lat' dir='ltr'>Pont.</span> <span class='ocrx_word' id='word_1_174' title='bbox 469 3821 499 3875; x_wconf 88' lang='lat'>3.</span> <span class='ocrx_word' id='word_1_175' title='bbox 520 3822 545 3891; x_wconf 66' lang='grc'>9,</span> <span class='ocrx_word' id='word_1_176' title='bbox 562 3822 598 3875; x_wconf 74' lang='lat'>20</span> <span class='ocrx_word' id='word_1_177' title='bbox 619 3823 667 3878; x_wconf 84' lang='lat' dir='ltr'>Sic</span> <span class='ocrx_word' id='word_1_178' title='bbox 691 3823 842 3894; x_wconf 79' lang='lat' dir='ltr'>appellari</span> <span class='ocrx_word' id='word_1_179' title='bbox 859 3840 917 3878; x_wconf 92' lang='lat' dir='ltr'>non</span> <span class='ocrx_word' id='word_1_180' title='bbox 937 3842 1073 3878; x_wconf 73' lang='lat' dir='ltr'>mererere</span> <span class='ocrx_word' id='word_1_181' title='bbox 1099 3829 1181 3882; x_wconf 78' lang='lat' dir='ltr'>meli.</span> <span class='ocrx_word' id='word_1_182' title='bbox 1200 3859 1234 3866; x_wconf 98' lang='lat'><em>-</em></span> <span class='ocrx_word' id='word_1_183' title='bbox 1249 3827 1340 3895; x_wconf 92' lang='lat' dir='ltr'>Prop.</span> <span class='ocrx_word' id='word_1_184' title='bbox 1359 3826 1392 3880; x_wconf 64' lang='lat'>⁸2.</span> 
     </span>
     <span class='ocr_line' id='line_1_27' title="bbox 283 3898 1396 3981; baseline 0.009 -25"><span class='ocrx_word' id='word_1_185' title='bbox 283 3898 285 3905; x_wconf 80' lang='grc'>’</span> <span class='ocrx_word' id='word_1_186' title='bbox 360 3904 388 3973; x_wconf 85' lang='grc'>5,</span> <span class='ocrx_word' id='word_1_187' title='bbox 413 3907 430 3958; x_wconf 75' lang='lat' dir='ltr'>:r</span> <span class='ocrx_word' id='word_1_188' title='bbox 445 3908 517 3961; x_wconf 75' lang='lat' dir='ltr'>Hcec</span> <span class='ocrx_word' id='word_1_189' title='bbox 539 3906 639 3961; x_wconf 82' lang='lat' dir='ltr'>merui</span> <span class='ocrx_word' id='word_1_190' title='bbox 663 3924 797 3978; x_wconf 64' lang='lat' dir='ltr'>sperare.</span> <span class='ocrx_word' id='word_1_191' title='bbox 816 3941 850 3949; x_wconf 82' lang='lat'><em>-</em></span> <span class='ocrx_word' id='word_1_192' title='bbox 864 3911 969 3978; x_wconf 73' lang='lat' dir='ltr'>Vellei.</span> <span class='ocrx_word' id='word_1_193' title='bbox 989 3913 1019 3964; x_wconf 87' lang='lat' dir='ltr'>t.</span> <span class='ocrx_word' id='word_1_194' title='bbox 1038 3912 1095 3981; x_wconf 83' lang='grc'>5,1</span> <span class='ocrx_word' id='word_1_195' title='bbox 1114 3915 1197 3967; x_wconf 87' lang='lat' dir='ltr'>solus</span> <span class='ocrx_word' id='word_1_196' title='bbox 1221 3914 1396 3981; x_wconf 83' lang='lat' dir='ltr'>(Homerus)</span> 
     </span>
     <span class='ocr_line' id='line_1_28' title="bbox 361 3990 1397 4066; baseline 0.009 -24"><span class='ocrx_word' id='word_1_197' title='bbox 361 3990 513 4059; x_wconf 83' lang='lat' dir='ltr'>appellari</span> <span class='ocrx_word' id='word_1_198' title='bbox 527 3998 618 4061; x_wconf 82' lang='lat' dir='ltr'>poete</span> <span class='ocrx_word' id='word_1_199' title='bbox 634 3993 758 4048; x_wconf 82' lang='lat' dir='ltr'>meruit.</span> <span class='ocrx_word' id='word_1_200' title='bbox 778 4025 812 4033; x_wconf 94' lang='lat'><em>-</em></span> <span class='ocrx_word' id='word_1_201' title='bbox 828 3995 894 4049; x_wconf 81' lang='lat' dir='ltr'>Vel.</span> <span class='ocrx_word' id='word_1_202' title='bbox 913 3996 993 4049; x_wconf 84' lang='lat' dir='ltr'><strong>Max.</strong></span> <span class='ocrx_word' id='word_1_203' title='bbox 1019 3996 1050 4049; x_wconf 88' lang='grc'>9.</span> <span class='ocrx_word' id='word_1_204' title='bbox 1072 3996 1114 4066; x_wconf 84' lang='lat'>13,</span> <span class='ocrx_word' id='word_1_205' title='bbox 1130 3998 1148 4050; x_wconf 76' lang='lat'>9.</span> <span class='ocrx_word' id='word_1_206' title='bbox 1168 3996 1313 4050; x_wconf 81' lang='lat' dir='ltr'>occultari</span> <span class='ocrx_word' id='word_1_207' title='bbox 1333 4012 1397 4053; x_wconf 90' lang='lat' dir='ltr'>non</span> 
     </span>
     <span class='ocr_line' id='line_1_29' title="bbox 360 4080 636 4133; baseline 0.018 -5"><span class='ocrx_word' id='word_1_208' title='bbox 360 4080 531 4131; x_wconf 82' lang='lat' dir='ltr'>mercretur.</span> <span class='ocrx_word' id='word_1_209' title='bbox 632 4122 636 4133; x_wconf 86' lang='lat'>.</span> 
     </span>
    </p>

    <p class='ocr_par' dir='ltr' id='par_1_11' title="bbox 361 4158 1399 4321">
     <span class='ocr_line' id='line_1_30' title="bbox 398 4158 1399 4236; baseline 0.01 -24"><span class='ocrx_word' id='word_1_210' title='bbox 398 4158 521 4229; x_wconf 70' lang='lat' dir='ltr'>Optare.</span> <span class='ocrx_word' id='word_1_211' title='bbox 542 4192 576 4200; x_wconf 93' lang='lat'><em>-</em></span> <span class='ocrx_word' id='word_1_212' title='bbox 590 4162 709 4216; x_wconf 88' lang='lat' dir='ltr'>Terent.</span> <span class='ocrx_word' id='word_1_213' title='bbox 726 4163 821 4217; x_wconf 87' lang='lat' dir='ltr'>Andr.</span> <span class='ocrx_word' id='word_1_214' title='bbox 840 4164 870 4218; x_wconf 78' lang='grc'>1.</span> <span class='ocrx_word' id='word_1_215' title='bbox 889 4164 916 4235; x_wconf 86' lang='lat'>5,</span> <span class='ocrx_word' id='word_1_216' title='bbox 932 4164 950 4217; x_wconf 76' lang='lat'>‘2</span> <span class='ocrx_word' id='word_1_217' title='bbox 974 4165 1134 4221; x_wconf 89' lang='lat' dir='ltr'>inhoneste</span> <span class='ocrx_word' id='word_1_218' title='bbox 1154 4166 1266 4236; x_wconf 82' lang='lat' dir='ltr'>optavit</span> <span class='ocrx_word' id='word_1_219' title='bbox 1282 4183 1399 4236; x_wconf 82' lang='lat' dir='ltr'>parcre</span> 
     </span>
     <span class='ocr_line' id='line_1_31' title="bbox 361 4242 1398 4321; baseline 0.011 -25"><span class='ocrx_word' id='word_1_220' title='bbox 361 4242 410 4297; x_wconf 91' lang='lat' dir='ltr'>hic</span> <span class='ocrx_word' id='word_1_221' title='bbox 427 4244 545 4299; x_wconf 87' lang='lat' dir='ltr'>divitias</span> <span class='ocrx_word' id='word_1_222' title='bbox 561 4246 661 4314; x_wconf 88' lang='lat' dir='ltr'>potius</span> <span class='ocrx_word' id='word_1_223' title='bbox 677 4261 767 4315; x_wconf 81' lang='lat' dir='ltr'>quarn</span> <span class='ocrx_word' id='word_1_224' title='bbox 782 4249 812 4301; x_wconf 92' lang='lat' dir='ltr'>in</span> <span class='ocrx_word' id='word_1_225' title='bbox 827 4250 924 4317; x_wconf 83' lang='lat' dir='ltr'>patria</span> <span class='ocrx_word' id='word_1_226' title='bbox 946 4251 1074 4305; x_wconf 88' lang='lat' dir='ltr'>honeste</span> <span class='ocrx_word' id='word_1_227' title='bbox 1088 4265 1205 4321; x_wconf 86' lang='lat' dir='ltr'>pauper</span> <span class='ocrx_word' id='word_1_228' title='bbox 1226 4252 1341 4307; x_wconf 85' lang='lat' dir='ltr'>rivere.</span> <span class='ocrx_word' id='word_1_229' title='bbox 1359 4282 1398 4295; x_wconf 89' lang='lat'><em>-</em></span> 
     </span>
    </p>
   </div>
   <div class='ocr_carea' id='block_1_8' title="bbox 0 0 1573 5092">
    <p class='ocr_par' dir='ltr' id='par_1_12' title="bbox 0 0 1573 5092">
     <span class='ocr_line' id='line_1_32' title="bbox 0 0 1573 5092; baseline 0 0"><span class='ocrx_word' id='word_1_230' title='bbox 0 0 1573 5092; x_wconf 95' lang='lat' dir='ltr'> </span> 
     </span>
    </p>
   </div>
   <div class='ocr_carea' id='block_1_9' title="bbox 1566 2743 1568 4854">
    <p class='ocr_par' dir='ltr' id='par_1_13' title="bbox 1566 2743 1568 4854">
     <span class='ocr_line' id='line_1_33' title="bbox 1566 2743 1568 4854; baseline 0 0"><span class='ocrx_word' id='word_1_231' title='bbox 1566 2743 1568 4854; x_wconf 95' lang='lat' dir='ltr'> </span> 
     </span>
    </p>
   </div>
  </div>
 </body>
</html>
