<?xml version="1.0" encoding="UTF-8"?>
<!DOCTYPE html PUBLIC "-//W3C//DTD XHTML 1.0 Transitional//EN"
    "http://www.w3.org/TR/xhtml1/DTD/xhtml1-transitional.dtd">
<html xmlns="http://www.w3.org/1999/xhtml" xml:lang="en" lang="en">
 <head>
  <title>
</title>
<meta http-equiv="Content-Type" content="text/html;charset=utf-8" />
  <meta name='ocr-system' content='tesseract 3.04.00' />
  <meta name='ocr-capabilities' content='ocr_page ocr_carea ocr_par ocr_line ocrx_word'/>
</head>
<body>
  <div class='ocr_page' id='page_1' title='image "./dephaedrisermon00causgoog_0034.png"; bbox 0 0 3134 5100; ppageno 0'>
   <div class='ocr_carea' id='block_1_1' title="bbox 807 593 973 656">
    <p class='ocr_par' dir='ltr' id='par_1_1' title="bbox 807 593 973 656">
     <span class='ocr_line' id='line_1_1' title="bbox 807 593 973 656; baseline 0 -16"><span class='ocrx_word' id='word_1_1' title='bbox 807 593 973 656; x_wconf 66' lang='lat' dir='ltr'>..pn-</span> 
     </span>
    </p>
   </div>
   <div class='ocr_carea' id='block_1_2' title="bbox 366 756 1403 2323">
    <p class='ocr_par' dir='ltr' id='par_1_2' title="bbox 366 756 1403 2323">
     <span class='ocr_line' id='line_1_2' title="bbox 416 756 1403 846; baseline -0.002 -20"><span class='ocrx_word' id='word_1_2' title='bbox 416 760 507 826; x_wconf 84' lang='lat' dir='ltr'>Sunt</span> <span class='ocrx_word' id='word_1_3' title='bbox 528 762 650 827; x_wconf 88' lang='lat' dir='ltr'>tamen</span> <span class='ocrx_word' id='word_1_4' title='bbox 673 760 768 846; x_wconf 90' lang='lat' dir='ltr'>apud</span> <span class='ocrx_word' id='word_1_5' title='bbox 790 759 963 828; x_wconf 89' lang='lat' dir='ltr'>Nostrum</span> <span class='ocrx_word' id='word_1_6' title='bbox 984 756 1055 826; x_wconf 89' lang='lat' dir='ltr'>tria</span> <span class='ocrx_word' id='word_1_7' title='bbox 1075 776 1157 844; x_wconf 87' lang='lat' dir='ltr'>quae</span> <span class='ocrx_word' id='word_1_8' title='bbox 1172 775 1291 842; x_wconf 88' lang='lat' dir='ltr'>neque</span> <span class='ocrx_word' id='word_1_9' title='bbox 1307 757 1403 844; x_wconf 89' lang='lat' dir='ltr'>apud</span> 
     </span>
     <span class='ocr_line' id='line_1_3' title="bbox 372 868 1403 960; baseline -0.003 -20"><span class='ocrx_word' id='word_1_10' title='bbox 372 872 585 940; x_wconf 85' lang='lat' dir='ltr'>Ciceronem</span> <span class='ocrx_word' id='word_1_11' title='bbox 601 892 720 959; x_wconf 89' lang='lat' dir='ltr'>neque</span> <span class='ocrx_word' id='word_1_12' title='bbox 743 873 838 960; x_wconf 91' lang='lat' dir='ltr'>apud</span> <span class='ocrx_word' id='word_1_13' title='bbox 859 875 1040 941; x_wconf 85' lang='lat' dir='ltr'>Caesarem</span> <span class='ocrx_word' id='word_1_14' title='bbox 1055 870 1181 939; x_wconf 85' lang='lat' dir='ltr'>videas</span> <span class='ocrx_word' id='word_1_15' title='bbox 1196 875 1304 957; x_wconf 88' lang='lat' dir='ltr'>atque</span> <span class='ocrx_word' id='word_1_16' title='bbox 1319 868 1403 937; x_wconf 89' lang='lat' dir='ltr'>ideo</span> 
     </span>
     <span class='ocr_line' id='line_1_4' title="bbox 371 984 1401 1073; baseline -0.003 -20"><span class='ocrx_word' id='word_1_17' title='bbox 371 987 480 1073; x_wconf 89' lang='lat' dir='ltr'>paulo</span> <span class='ocrx_word' id='word_1_18' title='bbox 503 984 746 1055; x_wconf 87' lang='lat' dir='ltr'>insolentiora</span> <span class='ocrx_word' id='word_1_19' title='bbox 765 985 1011 1073; x_wconf 82' lang='lat' dir='ltr'>judicaverim</span> <span class='ocrx_word' id='word_1_20' title='bbox 1036 1003 1045 1053; x_wconf 79' lang='lat' dir='ltr'>t</span> <span class='ocrx_word' id='word_1_21' title='bbox 1068 986 1262 1052; x_wconf 60' lang='lat' dir='ltr'>derum&amp;</span> <span class='ocrx_word' id='word_1_22' title='bbox 1284 986 1339 1069; x_wconf 90' lang='grc'>14,</span> <span class='ocrx_word' id='word_1_23' title='bbox 1360 986 1401 1069; x_wconf 94' lang='grc'><strong>4,</strong></span> 
     </span>
     <span class='ocr_line' id='line_1_5' title="bbox 368 1100 1403 1186; baseline -0.001 -21"><span class='ocrx_word' id='word_1_24' title='bbox 368 1104 496 1186; x_wconf 84' lang='lat' dir='ltr'>raptor</span> <span class='ocrx_word' id='word_1_25' title='bbox 509 1103 538 1167; x_wconf 92' lang='lat' dir='ltr'>I.</span> <span class='ocrx_word' id='word_1_26' title='bbox 556 1102 613 1185; x_wconf 88' lang='grc'>31,</span> <span class='ocrx_word' id='word_1_27' title='bbox 630 1101 671 1185; x_wconf 89' lang='grc'><strong>5,</strong></span> <span class='ocrx_word' id='word_1_28' title='bbox 685 1101 890 1167; x_wconf 80' lang='lat' dir='ltr'>consiliator</span> <span class='ocrx_word' id='word_1_29' title='bbox 903 1100 937 1167; x_wconf 82' lang='lat'>2.</span> <span class='ocrx_word' id='word_1_30' title='bbox 954 1102 989 1183; x_wconf 89' lang='grc'>6,</span> <span class='ocrx_word' id='word_1_31' title='bbox 1005 1100 1039 1167; x_wconf 97' lang='grc'><strong>2.</strong></span> <span class='ocrx_word' id='word_1_32' title='bbox 1056 1101 1273 1176; x_wconf 88' lang='lat' dir='ltr'>-Quorum</span> <span class='ocrx_word' id='word_1_33' title='bbox 1287 1115 1403 1165; x_wconf 83' lang='lat' dir='ltr'>voca·</span> 
     </span>
     <span class='ocr_line' id='line_1_6' title="bbox 369 1212 1403 1302; baseline -0.002 -20"><span class='ocrx_word' id='word_1_34' title='bbox 369 1215 539 1283; x_wconf 90' lang='lat' dir='ltr'>bulorum</span> <span class='ocrx_word' id='word_1_35' title='bbox 553 1234 666 1282; x_wconf 92' lang='lat' dir='ltr'>unum</span> <span class='ocrx_word' id='word_1_36' title='bbox 678 1213 858 1301; x_wconf 79' lang='lat' dir='ltr'>quidem«</span> <span class='ocrx_word' id='word_1_37' title='bbox 877 1215 1082 1282; x_wconf 79' lang='lat' dir='ltr'>consiliator</span> <span class='ocrx_word' id='word_1_38' title='bbox 1102 1212 1292 1302; x_wconf 86' lang='lat' dir='ltr'>»primum</span> <span class='ocrx_word' id='word_1_39' title='bbox 1307 1215 1403 1300; x_wconf 89' lang='lat' dir='ltr'>apud</span> 
     </span>
     <span class='ocr_line' id='line_1_7' title="bbox 368 1328 1401 1416; baseline -0.001 -20"><span class='ocrx_word' id='word_1_40' title='bbox 368 1330 565 1396; x_wconf 85' lang='lat' dir='ltr'>Phaedrum</span> <span class='ocrx_word' id='word_1_41' title='bbox 581 1335 753 1416; x_wconf 91' lang='lat' dir='ltr'>apparet,</span> <span class='ocrx_word' id='word_1_42' title='bbox 773 1331 929 1397; x_wconf 92' lang='lat' dir='ltr'>duorum</span> <span class='ocrx_word' id='word_1_43' title='bbox 943 1347 1031 1396; x_wconf 90' lang='lat' dir='ltr'>vero</span> <span class='ocrx_word' id='word_1_44' title='bbox 1053 1328 1281 1415; x_wconf 90' lang='lat' dir='ltr'>reliquorum</span> <span class='ocrx_word' id='word_1_45' title='bbox 1303 1328 1401 1396; x_wconf 89' lang='lat' dir='ltr'>alte-</span> 
     </span>
     <span class='ocr_line' id='line_1_8' title="bbox 368 1444 1399 1534; baseline 0 -23"><span class='ocrx_word' id='word_1_46' title='bbox 368 1464 449 1512; x_wconf 91' lang='lat' dir='ltr'>rum</span> <span class='ocrx_word' id='word_1_47' title='bbox 465 1467 484 1510; x_wconf 69' lang='grc'><strong>1</strong></span> <span class='ocrx_word' id='word_1_48' title='bbox 500 1445 640 1512; x_wconf 85' lang='lat' dir='ltr'>derisor</span> <span class='ocrx_word' id='word_1_49' title='bbox 659 1468 677 1510; x_wconf 87' lang='lat'>»</span> <span class='ocrx_word' id='word_1_50' title='bbox 695 1447 792 1531; x_wconf 91' lang='lat' dir='ltr'>apud</span> <span class='ocrx_word' id='word_1_51' title='bbox 805 1444 996 1513; x_wconf 84' lang='lat' dir='ltr'>Horatium</span> <span class='ocrx_word' id='word_1_52' title='bbox 1012 1445 1098 1534; x_wconf 87' lang='lat' dir='ltr'>(Sat.</span> <span class='ocrx_word' id='word_1_53' title='bbox 1115 1445 1149 1513; x_wconf 83' lang='lat'>2.</span> <span class='ocrx_word' id='word_1_54' title='bbox 1166 1445 1200 1528; x_wconf 91' lang='grc'>6,</span> <span class='ocrx_word' id='word_1_55' title='bbox 1217 1445 1279 1530; x_wconf 89' lang='grc'><strong>54,</strong></span> <span class='ocrx_word' id='word_1_56' title='bbox 1296 1447 1337 1512; x_wconf 86' lang='grc' dir='ltr'>Α.</span> <span class='ocrx_word' id='word_1_57' title='bbox 1358 1447 1399 1511; x_wconf 92' lang='grc' dir='ltr'>Ρ.</span> 
     </span>
     <span class='ocr_line' id='line_1_9' title="bbox 369 1557 1399 1647; baseline -0.001 -21"><span class='ocrx_word' id='word_1_58' title='bbox 369 1557 466 1645; x_wconf 88' lang='grc'><strong>433),</strong></span> <span class='ocrx_word' id='word_1_59' title='bbox 489 1559 646 1626; x_wconf 89' lang='lat' dir='ltr'>alterum</span> <span class='ocrx_word' id='word_1_60' title='bbox 666 1580 685 1624; x_wconf 76' lang='lat' dir='ltr'>tt</span> <span class='ocrx_word' id='word_1_61' title='bbox 708 1564 836 1644; x_wconf 84' lang='lat' dir='ltr'>raptor</span> <span class='ocrx_word' id='word_1_62' title='bbox 858 1582 878 1624; x_wconf 74' lang='lat' dir='ltr'>r</span> <span class='ocrx_word' id='word_1_63' title='bbox 902 1560 997 1646; x_wconf 89' lang='lat' dir='ltr'>apud</span> <span class='ocrx_word' id='word_1_64' title='bbox 1019 1559 1188 1626; x_wconf 91' lang='lat' dir='ltr'>Plautum</span> <span class='ocrx_word' id='word_1_65' title='bbox 1210 1557 1319 1647; x_wconf 89' lang='lat' dir='ltr'>(Men.</span> <span class='ocrx_word' id='word_1_66' title='bbox 1343 1577 1399 1645; x_wconf 90' lang='lat' dir='ltr'>pr.</span> 
     </span>
     <span class='ocr_line' id='line_1_10' title="bbox 368 1671 1399 1758; baseline 0.002 -19"><span class='ocrx_word' id='word_1_67' title='bbox 368 1672 431 1757; x_wconf 83' lang='lat'>653</span> <span class='ocrx_word' id='word_1_68' title='bbox 452 1671 550 1740; x_wconf 86' lang='lat' dir='ltr'>Trin.</span> <span class='ocrx_word' id='word_1_69' title='bbox 574 1673 607 1741; x_wconf 83' lang='lat'>2.</span> <span class='ocrx_word' id='word_1_70' title='bbox 633 1675 666 1757; x_wconf 87' lang='lat'>1,</span> <span class='ocrx_word' id='word_1_71' title='bbox 687 1673 750 1757; x_wconf 90' lang='grc'>23,</span> <span class='ocrx_word' id='word_1_72' title='bbox 774 1675 900 1741; x_wconf 86' lang='lat' dir='ltr'><em>Horat.</em></span> <span class='ocrx_word' id='word_1_73' title='bbox 925 1674 983 1741; x_wconf 92' lang='lat' dir='ltr'>od.</span> <span class='ocrx_word' id='word_1_74' title='bbox 1008 1676 1041 1740; x_wconf 92' lang='grc'>4.</span> <span class='ocrx_word' id='word_1_75' title='bbox 1065 1674 1101 1756; x_wconf 94' lang='grc'>6,</span> <span class='ocrx_word' id='word_1_76' title='bbox 1123 1673 1166 1758; x_wconf 88' lang='grc'>2,</span> <span class='ocrx_word' id='word_1_77' title='bbox 1187 1673 1293 1758; x_wconf 84' lang='lat' dir='ltr'>Virg.</span> <span class='ocrx_word' id='word_1_78' title='bbox 1315 1676 1399 1741; x_wconf 88' lang='lat' dir='ltr'>AEn.</span> 
     </span>
     <span class='ocr_line' id='line_1_11' title="bbox 366 1783 1403 1873; baseline 0.001 -22"><span class='ocrx_word' id='word_1_79' title='bbox 366 1783 400 1851; x_wconf 88' lang='grc'>2.</span> <span class='ocrx_word' id='word_1_80' title='bbox 413 1784 492 1873; x_wconf 86' lang='grc'><strong>356)</strong></span> <span class='ocrx_word' id='word_1_81' title='bbox 504 1783 698 1870; x_wconf 90' lang='lat' dir='ltr'>reperitur.</span> <span class='ocrx_word' id='word_1_82' title='bbox 709 1786 837 1852; x_wconf 89' lang='lat' dir='ltr'>-Hoc</span> <span class='ocrx_word' id='word_1_83' title='bbox 853 1790 1035 1871; x_wconf 86' lang='lat' dir='ltr'>praeterea</span> <span class='ocrx_word' id='word_1_84' title='bbox 1048 1785 1106 1852; x_wconf 85' lang='lat' dir='ltr'>vel</span> <span class='ocrx_word' id='word_1_85' title='bbox 1123 1785 1278 1852; x_wconf 84' lang='lat' dir='ltr'>maxime</span> <span class='ocrx_word' id='word_1_86' title='bbox 1293 1787 1403 1852; x_wconf 51' lang='lat' dir='ltr'>nota*</span> 
     </span>
     <span class='ocr_line' id='line_1_12' title="bbox 366 1895 1401 1982; baseline 0.002 -18"><span class='ocrx_word' id='word_1_87' title='bbox 366 1896 466 1969; x_wconf 86' lang='lat' dir='ltr'>tione</span> <span class='ocrx_word' id='word_1_88' title='bbox 499 1895 652 1981; x_wconf 82' lang='lat' dir='ltr'>dignum</span> <span class='ocrx_word' id='word_1_89' title='bbox 677 1895 836 1982; x_wconf 86' lang='lat' dir='ltr'>videtur,</span> <span class='ocrx_word' id='word_1_90' title='bbox 865 1898 1076 1965; x_wconf 90' lang='lat' dir='ltr'>eorumdem</span> <span class='ocrx_word' id='word_1_91' title='bbox 1104 1897 1294 1965; x_wconf 90' lang='lat' dir='ltr'>nominum</span> <span class='ocrx_word' id='word_1_92' title='bbox 1328 1899 1401 1966; x_wconf 92' lang='lat' dir='ltr'>duo</span> 
     </span>
     <span class='ocr_line' id='line_1_13' title="bbox 366 2008 1400 2097; baseline 0.002 -21"><span class='ocrx_word' id='word_1_93' title='bbox 366 2029 440 2077; x_wconf 93' lang='lat' dir='ltr'>non</span> <span class='ocrx_word' id='word_1_94' title='bbox 470 2008 721 2077; x_wconf 81' lang='lat' dir='ltr'>transitoriam</span> <span class='ocrx_word' id='word_1_95' title='bbox 751 2008 947 2094; x_wconf 82' lang='lat' dir='ltr'>actionem,</span> <span class='ocrx_word' id='word_1_96' title='bbox 977 2012 1062 2095; x_wconf 86' lang='lat' dir='ltr'>sed,</span> <span class='ocrx_word' id='word_1_97' title='bbox 1098 2014 1137 2077; x_wconf 90' lang='lat' dir='ltr'>ut</span> <span class='ocrx_word' id='word_1_98' title='bbox 1173 2011 1268 2097; x_wconf 91' lang='lat' dir='ltr'>apud</span> <span class='ocrx_word' id='word_1_99' title='bbox 1299 2010 1400 2097; x_wconf 90' lang='lat' dir='ltr'>opti-</span> 
     </span>
     <span class='ocr_line' id='line_1_14' title="bbox 367 2122 1403 2209; baseline 0.001 -19"><span class='ocrx_word' id='word_1_100' title='bbox 367 2141 445 2190; x_wconf 89' lang='lat' dir='ltr'>mos</span> <span class='ocrx_word' id='word_1_101' title='bbox 458 2122 656 2209; x_wconf 87' lang='lat' dir='ltr'>scriptores</span> <span class='ocrx_word' id='word_1_102' title='bbox 671 2122 751 2188; x_wconf 90' lang='lat' dir='ltr'>fieri</span> <span class='ocrx_word' id='word_1_103' title='bbox 763 2123 869 2206; x_wconf 86' lang='lat' dir='ltr'>solet,</span> <span class='ocrx_word' id='word_1_104' title='bbox 883 2122 1097 2208; x_wconf 87' lang='lat' dir='ltr'>qualitatem</span> <span class='ocrx_word' id='word_1_105' title='bbox 1111 2124 1274 2209; x_wconf 87' lang='lat' dir='ltr'>subjecto</span> <span class='ocrx_word' id='word_1_106' title='bbox 1286 2122 1403 2191; x_wconf 82' lang='lat' dir='ltr'>inhae-</span> 
     </span>
     <span class='ocr_line' id='line_1_15' title="bbox 366 2233 1266 2323; baseline 0 -21"><span class='ocrx_word' id='word_1_107' title='bbox 366 2241 507 2302; x_wconf 89' lang='lat' dir='ltr'>rentem</span> <span class='ocrx_word' id='word_1_108' title='bbox 523 2233 719 2318; x_wconf 83' lang='lat' dir='ltr'>designare</span> <span class='ocrx_word' id='word_1_109' title='bbox 736 2233 782 2323; x_wconf 85' lang='lat'>(1)</span> <span class='ocrx_word' id='word_1_110' title='bbox 801 2252 809 2301; x_wconf 89' lang='lat'>:</span> <span class='ocrx_word' id='word_1_111' title='bbox 827 2253 957 2320; x_wconf 91' lang='lat' dir='ltr'>nempe</span> <span class='ocrx_word' id='word_1_112' title='bbox 971 2233 1011 2301; x_wconf 90' lang='lat' dir='ltr'>in</span> <span class='ocrx_word' id='word_1_113' title='bbox 1026 2233 1085 2302; x_wconf 90' lang='lat' dir='ltr'>his</span> <span class='ocrx_word' id='word_1_114' title='bbox 1098 2234 1266 2303; x_wconf 83' lang='lat' dir='ltr'>versibus</span> 
     </span>
    </p>
   </div>
   <div class='ocr_carea' id='block_1_3' title="bbox 475 2394 1203 2560">
    <p class='ocr_par' dir='ltr' id='par_1_3' title="bbox 475 2394 1203 2560">
     <span class='ocr_line' id='line_1_16' title="bbox 475 2394 1198 2464; baseline 0.001 -16"><span class='ocrx_word' id='word_1_115' title='bbox 475 2413 487 2448; x_wconf 75' lang='lat' dir='ltr'>s</span> <span class='ocrx_word' id='word_1_116' title='bbox 510 2394 635 2448; x_wconf 79' lang='lat' dir='ltr'>Derisor</span> <span class='ocrx_word' id='word_1_117' title='bbox 648 2396 749 2464; x_wconf 89' lang='lat' dir='ltr'>potius</span> <span class='ocrx_word' id='word_1_118' title='bbox 764 2410 855 2464; x_wconf 85' lang='lat' dir='ltr'>quarn</span> <span class='ocrx_word' id='word_1_119' title='bbox 870 2396 1054 2451; x_wconf 89' lang='lat' dir='ltr'>deridendus</span> <span class='ocrx_word' id='word_1_120' title='bbox 1070 2411 1165 2451; x_wconf 86' lang='lat' dir='ltr'>senex</span> <span class='ocrx_word' id='word_1_121' title='bbox 1185 2414 1198 2449; x_wconf 73' lang='grc' dir='ltr'><strong><em>ι</em></strong></span> 
     </span>
     <span class='ocr_line' id='line_1_17' title="bbox 1056 2487 1203 2560; baseline 0 -17"><span class='ocrx_word' id='word_1_122' title='bbox 1056 2489 1086 2544; x_wconf 92' lang='grc'>3.</span> <span class='ocrx_word' id='word_1_123' title='bbox 1109 2490 1154 2560; x_wconf 89' lang='grc'>14,</span> <span class='ocrx_word' id='word_1_124' title='bbox 1174 2487 1203 2543; x_wconf 87' lang='grc'>4.</span> 
     </span>
    </p>
   </div>
   <div class='ocr_carea' id='block_1_4' title="bbox 474 2589 1201 2759">
    <p class='ocr_par' dir='ltr' id='par_1_4' title="bbox 474 2589 1201 2759">
     <span class='ocr_line' id='line_1_18' title="bbox 474 2589 1156 2660; baseline 0.001 -18"><span class='ocrx_word' id='word_1_125' title='bbox 474 2606 488 2641; x_wconf 78' lang='lat' dir='ltr'>c</span> <span class='ocrx_word' id='word_1_126' title='bbox 509 2589 671 2644; x_wconf 83' lang='lat' dir='ltr'>Consilium</span> <span class='ocrx_word' id='word_1_127' title='bbox 686 2593 793 2660; x_wconf 76' lang='lat' dir='ltr'>ruptor</span> <span class='ocrx_word' id='word_1_128' title='bbox 807 2592 897 2645; x_wconf 88' lang='lat' dir='ltr'>vertit</span> <span class='ocrx_word' id='word_1_129' title='bbox 911 2592 949 2645; x_wconf 90' lang='lat' dir='ltr'>ad</span> <span class='ocrx_word' id='word_1_130' title='bbox 964 2591 1119 2646; x_wconf 85' lang='lat' dir='ltr'>fallaciam.</span> <span class='ocrx_word' id='word_1_131' title='bbox 1143 2609 1156 2643; x_wconf 74' lang='lat' dir='ltr'>s</span> 
     </span>
     <span class='ocr_line' id='line_1_19' title="bbox 1073 2688 1201 2759; baseline 0.016 -18"><span class='ocrx_word' id='word_1_132' title='bbox 1073 2690 1097 2743; x_wconf 91' lang='grc'><strong>1.</strong></span> <span class='ocrx_word' id='word_1_133' title='bbox 1112 2689 1158 2759; x_wconf 87' lang='grc'>31,</span> <span class='ocrx_word' id='word_1_134' title='bbox 1174 2688 1201 2743; x_wconf 87' lang='grc'>5.</span> 
     </span>
    </p>
   </div>
   <div class='ocr_carea' id='block_1_5' title="bbox 364 2807 1399 3593">
    <p class='ocr_par' dir='ltr' id='par_1_5' title="bbox 364 2807 1399 3593">
     <span class='ocr_line' id='line_1_20' title="bbox 365 2807 1399 2911; baseline 0.005 -24"><span class='ocrx_word' id='word_1_135' title='bbox 365 2807 550 2891; x_wconf 74' lang='grc' dir='ltr'><strong>«11οῇ1116</strong></span> <span class='ocrx_word' id='word_1_136' title='bbox 574 2845 593 2887; x_wconf 91' lang='lat'>»</span> <span class='ocrx_word' id='word_1_137' title='bbox 616 2824 758 2890; x_wconf 85' lang='lat' dir='ltr'>derisor</span> <span class='ocrx_word' id='word_1_138' title='bbox 781 2827 938 2910; x_wconf 86' lang='lat' dir='ltr'>AEsopus</span> <span class='ocrx_word' id='word_1_139' title='bbox 962 2822 1190 2909; x_wconf 84' lang='lat' dir='ltr'>designatur,</span> <span class='ocrx_word' id='word_1_140' title='bbox 1213 2826 1318 2911; x_wconf 88' lang='lat' dir='ltr'>cujus</span> <span class='ocrx_word' id='word_1_141' title='bbox 1338 2844 1399 2911; x_wconf 94' lang='lat' dir='ltr'>po-</span> 
     </span>
     <span class='ocr_line' id='line_1_21' title="bbox 365 2938 1398 3026; baseline 0.003 -22"><span class='ocrx_word' id='word_1_142' title='bbox 365 2938 438 3005; x_wconf 90' lang='lat' dir='ltr'>tius</span> <span class='ocrx_word' id='word_1_143' title='bbox 461 2943 540 3005; x_wconf 89' lang='lat' dir='ltr'>erat</span> <span class='ocrx_word' id='word_1_144' title='bbox 559 2938 653 3007; x_wconf 88' lang='lat' dir='ltr'>alios</span> <span class='ocrx_word' id='word_1_145' title='bbox 672 2938 842 3007; x_wconf 90' lang='lat' dir='ltr'>deridere</span> <span class='ocrx_word' id='word_1_146' title='bbox 863 2959 972 3025; x_wconf 89' lang='lat' dir='ltr'>quam</span> <span class='ocrx_word' id='word_1_147' title='bbox 987 2942 1032 3009; x_wconf 88' lang='lat' dir='ltr'>ab</span> <span class='ocrx_word' id='word_1_148' title='bbox 1048 2939 1133 3007; x_wconf 89' lang='lat' dir='ltr'>aliis</span> <span class='ocrx_word' id='word_1_149' title='bbox 1153 2940 1273 3026; x_wconf 89' lang='lat' dir='ltr'>ipsum</span> <span class='ocrx_word' id='word_1_150' title='bbox 1294 2941 1398 3008; x_wconf 91' lang='lat' dir='ltr'>deri-</span> 
     </span>
     <span class='ocr_line' id='line_1_22' title="bbox 365 3050 1396 3139; baseline 0.005 -22"><span class='ocrx_word' id='word_1_151' title='bbox 365 3050 465 3135; x_wconf 85' lang='lat' dir='ltr'>deri3</span> <span class='ocrx_word' id='word_1_152' title='bbox 489 3052 667 3119; x_wconf 86' lang='lat' dir='ltr'>vocabulo</span> <span class='ocrx_word' id='word_1_153' title='bbox 690 3057 812 3119; x_wconf 91' lang='lat' dir='ltr'>autem</span> <span class='ocrx_word' id='word_1_154' title='bbox 837 3074 855 3117; x_wconf 85' lang='lat'>«</span> <span class='ocrx_word' id='word_1_155' title='bbox 879 3058 1005 3138; x_wconf 82' lang='lat' dir='ltr'>raptor</span> <span class='ocrx_word' id='word_1_156' title='bbox 1029 3076 1048 3120; x_wconf 74' lang='lat' dir='ltr'>r</span> <span class='ocrx_word' id='word_1_157' title='bbox 1073 3054 1297 3139; x_wconf 84' lang='lat' dir='ltr'>intelligitur</span> <span class='ocrx_word' id='word_1_158' title='bbox 1320 3055 1396 3122; x_wconf 90' lang='lat' dir='ltr'>Mi-</span> 
     </span>
     <span class='ocr_line' id='line_1_23' title="bbox 365 3164 1396 3256; baseline 0.006 -26"><span class='ocrx_word' id='word_1_159' title='bbox 365 3164 462 3248; x_wconf 76' lang='grc'><strong>1633,</strong></span> <span class='ocrx_word' id='word_1_160' title='bbox 488 3166 593 3250; x_wconf 90' lang='lat' dir='ltr'>cujus</span> <span class='ocrx_word' id='word_1_161' title='bbox 623 3166 702 3233; x_wconf 90' lang='lat' dir='ltr'>haec</span> <span class='ocrx_word' id='word_1_162' title='bbox 727 3166 927 3252; x_wconf 88' lang='lat' dir='ltr'>peculiaris</span> <span class='ocrx_word' id='word_1_163' title='bbox 949 3174 1005 3235; x_wconf 91' lang='lat' dir='ltr'>est</span> <span class='ocrx_word' id='word_1_164' title='bbox 1028 3166 1172 3236; x_wconf 90' lang='lat' dir='ltr'>indoles</span> <span class='ocrx_word' id='word_1_165' title='bbox 1200 3173 1239 3235; x_wconf 92' lang='lat' dir='ltr'>ut</span> <span class='ocrx_word' id='word_1_166' title='bbox 1264 3169 1396 3256; x_wconf 88' lang='lat' dir='ltr'>rapiat.</span> 
     </span>
     <span class='ocr_line' id='line_1_24' title="bbox 364 3276 1397 3369; baseline 0.007 -26"><span class='ocrx_word' id='word_1_167' title='bbox 364 3276 525 3344; x_wconf 88' lang='lat' dir='ltr'>Tertium</span> <span class='ocrx_word' id='word_1_168' title='bbox 540 3279 686 3346; x_wconf 91' lang='lat' dir='ltr'>demum</span> <span class='ocrx_word' id='word_1_169' title='bbox 701 3297 835 3347; x_wconf 93' lang='lat' dir='ltr'>nomen</span> <span class='ocrx_word' id='word_1_170' title='bbox 852 3301 871 3344; x_wconf 89' lang='lat'>«</span> <span class='ocrx_word' id='word_1_171' title='bbox 895 3282 1102 3348; x_wconf 81' lang='lat' dir='ltr'>consiliator</span> <span class='ocrx_word' id='word_1_172' title='bbox 1125 3304 1143 3347; x_wconf 87' lang='lat'>»</span> <span class='ocrx_word' id='word_1_173' title='bbox 1163 3301 1290 3369; x_wconf 90' lang='lat' dir='ltr'>apura</span> <span class='ocrx_word' id='word_1_174' title='bbox 1307 3282 1397 3349; x_wconf 91' lang='lat' dir='ltr'>lati-</span> 
     </span>
     <span class='ocr_line' id='line_1_25' title="bbox 365 3376 1397 3481; baseline 0.007 -24"><span class='ocrx_word' id='word_1_175' title='bbox 365 3388 480 3457; x_wconf 88' lang='lat' dir='ltr'>nitate</span> <span class='ocrx_word' id='word_1_176' title='bbox 500 3393 674 3459; x_wconf 87' lang='lat' dir='ltr'>recedere</span> <span class='ocrx_word' id='word_1_177' title='bbox 693 3391 851 3477; x_wconf 90' lang='lat' dir='ltr'>videtur,</span> <span class='ocrx_word' id='word_1_178' title='bbox 876 3376 1009 3481; x_wconf 79' lang='lat' dir='ltr'>qnippe</span> <span class='ocrx_word' id='word_1_179' title='bbox 1033 3396 1127 3481; x_wconf 90' lang='lat' dir='ltr'>qnod</span> <span class='ocrx_word' id='word_1_180' title='bbox 1150 3416 1224 3463; x_wconf 94' lang='lat' dir='ltr'>non</span> <span class='ocrx_word' id='word_1_181' title='bbox 1248 3396 1397 3464; x_wconf 91' lang='lat' dir='ltr'>diutur-</span> 
     </span>
     <span class='ocr_line' id='line_1_26' title="bbox 366 3501 1398 3593; baseline 0.01 -26"><span class='ocrx_word' id='word_1_182' title='bbox 366 3520 450 3567; x_wconf 89' lang='lat' dir='ltr'>nam</span> <span class='ocrx_word' id='word_1_183' title='bbox 479 3501 640 3569; x_wconf 89' lang='lat' dir='ltr'>indolem</span> <span class='ocrx_word' id='word_1_184' title='bbox 669 3505 733 3570; x_wconf 88' lang='lat' dir='ltr'>sed</span> <span class='ocrx_word' id='word_1_185' title='bbox 763 3504 868 3590; x_wconf 88' lang='lat' dir='ltr'>quasi</span> <span class='ocrx_word' id='word_1_186' title='bbox 897 3509 1181 3593; x_wconf 86' lang='lat' dir='ltr'>extemporalem</span> <span class='ocrx_word' id='word_1_187' title='bbox 1215 3508 1398 3577; x_wconf 87' lang='lat' dir='ltr'>actionem</span> 
     </span>
    </p>
   </div>
   <div class='ocr_carea' id='block_1_6' title="bbox 366 3705 1151 3723">
    <p class='ocr_par' dir='ltr' id='par_1_6' title="bbox 366 3705 1151 3723">
     <span class='ocr_line' id='line_1_27' title="bbox 366 3705 1151 3723; baseline 0.009 -11"><span class='ocrx_word' id='word_1_188' title='bbox 366 3705 741 3723; x_wconf 72' lang='lat'>‚.-...-—.-—-</span> <span class='ocrx_word' id='word_1_189' title='bbox 955 3714 1009 3718; x_wconf 76' lang='lat'><strong>—</strong></span> <span class='ocrx_word' id='word_1_190' title='bbox 1016 3714 1151 3720; x_wconf 66' lang='lat'>.--,-</span> 
     </span>
    </p>
   </div>
   <div class='ocr_carea' id='block_1_7' title="bbox 363 3810 1397 3976">
    <p class='ocr_par' dir='ltr' id='par_1_7' title="bbox 363 3810 1397 3976">
     <span class='ocr_line' id='line_1_28' title="bbox 363 3810 1397 3888; baseline 0.01 -26"><span class='ocrx_word' id='word_1_191' title='bbox 363 3810 525 3878; x_wconf 79' lang='lat' dir='ltr'>fraudator</span> <span class='ocrx_word' id='word_1_192' title='bbox 548 3813 570 3866; x_wconf 89' lang='lat' dir='ltr'>I.</span> <span class='ocrx_word' id='word_1_193' title='bbox 596 3812 640 3882; x_wconf 91' lang='grc'>16,</span> <span class='ocrx_word' id='word_1_194' title='bbox 664 3813 697 3883; x_wconf 89' lang='grc'>1,</span> <span class='ocrx_word' id='word_1_195' title='bbox 723 3813 944 3884; x_wconf 66' lang='grc'><strong>9661161317,</strong></span> <span class='ocrx_word' id='word_1_196' title='bbox 969 3815 1022 3885; x_wconf 96' lang='grc'>10,</span> <span class='ocrx_word' id='word_1_197' title='bbox 1046 3816 1229 3884; x_wconf 75' lang='lat' dir='ltr'>perterretur</span> <span class='ocrx_word' id='word_1_198' title='bbox 1251 3817 1278 3872; x_wconf 86' lang='grc'>4.</span> <span class='ocrx_word' id='word_1_199' title='bbox 1298 3817 1343 3886; x_wconf 87' lang='grc'>17,</span> <span class='ocrx_word' id='word_1_200' title='bbox 1359 3817 1397 3888; x_wconf 90' lang='grc'><strong>8,</strong></span> 
     </span>
     <span class='ocr_line' id='line_1_29' title="bbox 366 3898 1397 3976; baseline 0.011 -26"><span class='ocrx_word' id='word_1_201' title='bbox 366 3898 457 3951; x_wconf 84' lang='lat' dir='ltr'>lector</span> <span class='ocrx_word' id='word_1_202' title='bbox 469 3899 496 3963; x_wconf 85' lang='grc'>4.</span> <span class='ocrx_word' id='word_1_203' title='bbox 513 3900 539 3967; x_wconf 88' lang='grc'><strong>7,</strong></span> <span class='ocrx_word' id='word_1_204' title='bbox 556 3900 606 3970; x_wconf 91' lang='grc'>21,</span> <span class='ocrx_word' id='word_1_205' title='bbox 619 3904 726 3971; x_wconf 85' lang='lat' dir='ltr'>pastor</span> <span class='ocrx_word' id='word_1_206' title='bbox 740 3902 767 3956; x_wconf 89' lang='lat'>3.</span> <span class='ocrx_word' id='word_1_207' title='bbox 783 3902 811 3970; x_wconf 89' lang='grc'>2,</span> <span class='ocrx_word' id='word_1_208' title='bbox 828 3902 878 3971; x_wconf 88' lang='grc'><strong>13,</strong></span> <span class='ocrx_word' id='word_1_209' title='bbox 899 3903 1056 3972; x_wconf 79' lang='lat' dir='ltr'>praedator</span> <span class='ocrx_word' id='word_1_210' title='bbox 1072 3904 1098 3957; x_wconf 90' lang='grc'><strong>2.</strong></span> <span class='ocrx_word' id='word_1_211' title='bbox 1115 3904 1142 3973; x_wconf 86' lang='grc'>1,</span> <span class='ocrx_word' id='word_1_212' title='bbox 1158 3904 1193 3975; x_wconf 91' lang='grc'>2,</span> <span class='ocrx_word' id='word_1_213' title='bbox 1210 3908 1293 3959; x_wconf 81' lang='lat' dir='ltr'>sator</span> <span class='ocrx_word' id='word_1_214' title='bbox 1306 3905 1334 3961; x_wconf 88' lang='grc'>3.</span> <span class='ocrx_word' id='word_1_215' title='bbox 1350 3906 1397 3976; x_wconf 91' lang='grc'>17,</span> 
     </span>
    </p>
   </div>
   <div class='ocr_carea' id='block_1_8' title="bbox 362 3982 1397 4137">
    <p class='ocr_par' dir='ltr' id='par_1_8' title="bbox 362 3982 1397 4137">
     <span class='ocr_line' id='line_1_30' title="bbox 363 3982 1397 4063; baseline 0.01 -28"><span class='ocrx_word' id='word_1_216' title='bbox 363 3982 416 4053; x_wconf 89' lang='grc'><strong>10,</strong></span> <span class='ocrx_word' id='word_1_217' title='bbox 433 3982 562 4053; x_wconf 82' lang='lat' dir='ltr'>scriptor</span> <span class='ocrx_word' id='word_1_218' title='bbox 577 3985 603 4038; x_wconf 89' lang='lat'>5.</span> <span class='ocrx_word' id='word_1_219' title='bbox 629 3985 655 4054; x_wconf 91' lang='grc'>1,</span> <span class='ocrx_word' id='word_1_220' title='bbox 681 3986 734 4055; x_wconf 86' lang='grc'>17,</span> <span class='ocrx_word' id='word_1_221' title='bbox 756 3989 905 4055; x_wconf 84' lang='lat' dir='ltr'>spectator</span> <span class='ocrx_word' id='word_1_222' title='bbox 929 3988 955 4041; x_wconf 89' lang='lat'>5.</span> <span class='ocrx_word' id='word_1_223' title='bbox 982 3988 1010 4054; x_wconf 88' lang='grc'><strong>7,</strong></span> <span class='ocrx_word' id='word_1_224' title='bbox 1034 3988 1088 4058; x_wconf 89' lang='grc'><strong>13,</strong></span> <span class='ocrx_word' id='word_1_225' title='bbox 1111 4005 1233 4058; x_wconf 78' lang='lat' dir='ltr'>sponsor</span> <span class='ocrx_word' id='word_1_226' title='bbox 1254 3991 1276 4044; x_wconf 93' lang='lat' dir='ltr'>I.</span> <span class='ocrx_word' id='word_1_227' title='bbox 1298 3990 1397 4063; x_wconf 77' lang='grc'><strong>10,-4,</strong></span> 
     </span>
     <span class='ocr_line' id='line_1_31' title="bbox 362 4067 888 4137; baseline 0.011 -20"><span class='ocrx_word' id='word_1_228' title='bbox 362 4070 487 4119; x_wconf 77' lang='lat' dir='ltr'>cunctor</span> <span class='ocrx_word' id='word_1_229' title='bbox 501 4067 526 4121; x_wconf 90' lang='lat'>5.</span> <span class='ocrx_word' id='word_1_230' title='bbox 544 4067 589 4136; x_wconf 90' lang='grc'>10,</span> <span class='ocrx_word' id='word_1_231' title='bbox 604 4068 640 4137; x_wconf 88' lang='grc'><strong>6,</strong></span> <span class='ocrx_word' id='word_1_232' title='bbox 656 4067 755 4122; x_wconf 81' lang='lat' dir='ltr'>viator</span> <span class='ocrx_word' id='word_1_233' title='bbox 769 4070 797 4123; x_wconf 86' lang='grc'><strong>2.</strong></span> <span class='ocrx_word' id='word_1_234' title='bbox 813 4069 842 4135; x_wconf 86' lang='grc'>1,</span> <span class='ocrx_word' id='word_1_235' title='bbox 859 4070 888 4123; x_wconf 90' lang='grc'>5.</span> 
     </span>
    </p>
   </div>
   <div class='ocr_carea' id='block_1_9' title="bbox 399 4150 1399 4218">
    <p class='ocr_par' dir='ltr' id='par_1_9' title="bbox 399 4150 1399 4218">
     <span class='ocr_line' id='line_1_32' title="bbox 399 4150 1399 4218; baseline 0.01 -15"><span class='ocrx_word' id='word_1_236' title='bbox 399 4150 438 4218; x_wconf 87' lang='grc'><strong>(1)</strong></span> <span class='ocrx_word' id='word_1_237' title='bbox 458 4152 500 4205; x_wconf 86' lang='lat' dir='ltr'>Cl.</span> <span class='ocrx_word' id='word_1_238' title='bbox 531 4152 562 4207; x_wconf 84' lang='lat' dir='ltr'>F.</span> <span class='ocrx_word' id='word_1_239' title='bbox 594 4153 731 4206; x_wconf 89' lang='lat' dir='ltr'>Antoine.</span> <span class='ocrx_word' id='word_1_240' title='bbox 764 4153 979 4209; x_wconf 76' lang='lat' dir='ltr'>Oltservations</span> <span class='ocrx_word' id='word_1_241' title='bbox 1013 4171 1066 4210; x_wconf 90' lang='lat' dir='ltr'>sur</span> <span class='ocrx_word' id='word_1_242' title='bbox 1091 4157 1137 4211; x_wconf 91' lang='lat' dir='ltr'>les</span> <span class='ocrx_word' id='word_1_243' title='bbox 1174 4157 1329 4213; x_wconf 86' lang='lat' dir='ltr'>exercices</span> <span class='ocrx_word' id='word_1_244' title='bbox 1358 4160 1399 4214; x_wconf 92' lang='lat' dir='ltr'>de</span> 
     </span>
    </p>
   </div>
   <div class='ocr_carea' id='block_1_10' title="bbox 362 4230 1398 4390">
    <p class='ocr_par' dir='ltr' id='par_1_10' title="bbox 362 4230 1398 4390">
     <span class='ocr_line' id='line_1_33' title="bbox 363 4230 1398 4373; baseline 0.013 -85"><span class='ocrx_word' id='word_1_245' title='bbox 363 4230 532 4373; x_wconf 48' lang='lat' dir='ltr'>traffirotiou</span> <span class='ocrx_word' id='word_1_246' title='bbox 559 4237 599 4289; x_wconf 91' lang='lat' dir='ltr'>du</span> <span class='ocrx_word' id='word_1_247' title='bbox 628 4236 759 4302; x_wconf 76' lang='lat' dir='ltr'>franceis</span> <span class='ocrx_word' id='word_1_248' title='bbox 788 4252 826 4292; x_wconf 90' lang='lat' dir='ltr'>en</span> <span class='ocrx_word' id='word_1_249' title='bbox 856 4239 936 4293; x_wconf 88' lang='lat' dir='ltr'>latin.</span> <span class='ocrx_word' id='word_1_250' title='bbox 967 4240 1060 4296; x_wconf 76' lang='lat' dir='ltr'>Paris</span> <span class='ocrx_word' id='word_1_251' title='bbox 1087 4242 1286 4297; x_wconf 85' lang='lat' dir='ltr'>Klinoksieck.</span> <span class='ocrx_word' id='word_1_252' title='bbox 1314 4242 1398 4301; x_wconf 89' lang='grc'><strong>1880.</strong></span> 
     </span>
     <span class='ocr_line' id='line_1_34' title="bbox 362 4335 516 4390; baseline 0.013 -17"><span class='ocrx_word' id='word_1_253' title='bbox 362 4335 391 4389; x_wconf 89' lang='lat' dir='ltr'>p.</span> <span class='ocrx_word' id='word_1_254' title='bbox 446 4335 516 4390; x_wconf 89' lang='lat' dir='ltr'>‚sq.</span> 
     </span>
    </p>
   </div>
   <div class='ocr_carea' id='block_1_11' title="bbox 0 0 1572 5100">
    <p class='ocr_par' dir='ltr' id='par_1_11' title="bbox 0 0 1572 5100">
     <span class='ocr_line' id='line_1_35' title="bbox 0 0 1572 5100; baseline 0 1"><span class='ocrx_word' id='word_1_255' title='bbox 0 0 1572 5100; x_wconf 95' lang='lat' dir='ltr'> </span> 
     </span>
    </p>
   </div>
  </div>
 </body>
</html>
