3134 5100
786 532 946 596 ..26-

356 699 412 761 tor
426 693 658 782 (templorum
668 697 817 780 positor,
836 697 1056 783 templorum
1071 703 1198 767 sancte
1211 699 1384 788 repostor)

354 811 450 878 Fast.
473 810 508 893 2,
531 811 587 877 63.
613 809 666 876 Cf.
690 811 737 876 M.
763 811 797 893 9,
819 810 908 895 4493
932 815 1074 896 spretor
1094 811 1260 898 (deorum
1278 835 1385 901 spre-

355 921 423 1010 tor)
440 922 486 1012 (1)
506 925 554 991 M.
571 925 605 1007 8,
621 924 688 990 613
705 941 713 991 :
735 922 788 992 ita
803 925 899 1011 apud
914 925 1111 994 Phaedrum
1128 929 1241 997 verba
1260 949 1281 996 3
1300 928 1386 1015 qui-

353 1037 421 1104 bus
443 1053 487 1102 ea
503 1035 654 1104 nomina
673 1036 829 1104 deducta
848 1040 935 1104 sunt
952 1038 1146 1108 invenias:
1169 1041 1384 1109 1133161331-

353 1151 467 1217 mulet
495 1154 527 1216 4.
557 1150 615 1232 21,
643 1150 691 1234 2;
727 1151 866 1218 mirans
893 1171 1032 1220 cornua
1061 1157 1089 1222 1.
1118 1155 1174 1238 12,
1204 1157 1250 1240 5;
1284 1157 1387 1240 ponis

307 1317 308 1320 ,
355 1268 501 1333 domum
516 1267 550 1332 3.
567 1267 601 1349 9,
617 1266 639 1332 6
649 1285 659 1349 ;
676 1265 729 1332 nil
744 1271 890 1350 spernet
904 1267 1049 1337 animus
1063 1272 1097 1337 3.
1115 1272 1170 1353 10,
1186 1271 1243 1339 51.

400 1381 475 1446 Hae
490 1376 657 1445 inaudita
673 1396 798 1445 voce«
811 1380 943 1446 solator
957 1402 976 1446 >i
991 1380 1156 1450 Tibullus
1172 1381 1218 1471 (2)
1239 1382 1293 1450 uti
1312 1401 1388 1452 non

356 1492 521 1561 dubitat:

499 1660 514 1696 ι
533 1645 604 1713 Ipse
619 1658 676 1713 ego
691 1645 805 1699 solator
823 1684 901 1701 .....
920 1646 1095 1716 quaerebam
1110 1663 1144 1718 »3

1063 1744 1086 1798 I.
1102 1741 1130 1813 3,
1145 1742 1190 1797 15.

271 1886 273 1890 ’
355 1877 466 1944 verbo
483 1880 604 1944 autem
626 1876 879 1962 «consolari»,
897 1882 937 1944 ut
951 1875 1048 1944 idem
1064 1877 1269 1964 eloquatur,
1284 1870 1389 1947 Ρ1133-Ι
1412 1889 1416 1895 “

335 2048 337 2053 ,
356 1991 444 2057 drus
459 1989 598 2057 mavult
613 1988 788 2056 adhihere
806 2006 814 2057 :

501 2171 514 2206 u
535 2152 717 2208 Consolortde'
730 2152 833 2223 qratia
847 2154 922 2209 dixit
935 2155 1003 2210 dea.
1021 2171 1035 2203 t

854 2250 882 2306 3.
898 2251 943 2321 18,
958 2252 986 2306 5.
1003 2253 1044 2307 61.
1060 2251 1087 2306 4.
1103 2251 1148 2322 17,
1164 2251 1191 2307 2.

401 2387 483 2454 Non
505 2386 646 2454 minore
672 2385 792 2453 studio
817 2385 965 2453 nomina
991 2405 1086 2454 nova
1113 2387 1261 2455 in-trtoo
1288 2389 1391 2456 desi-

358 2497 484 2566 nentia
507 2497 631 2580 evitat,
656 2497 718 2585 qui
741 2516 816 2565 non
839 2503 878 2565 ut
898 2497 1081 2583 Virgilius
1103 2499 1201 2567 dicat
1224 2516 1233 2569 :
1267 2501 1390 2568 dorni-

360 2614 438 2677 trtr
453 2611 499 2701 (3)
522 2631 698 2699 equorum
718 2613 759 2679 G.
776 2613 809 2697 3,
828 2614 884 2695 44,
905 2614 1076 2679 venatrix
1092 2616 1175 2680 AEn.
1192 2616 1220 2679 I.
1238 2615 1316 2682 319.
1334 2616 1389 2682 Gt.

358 2726 460 2795 Ovid.
486 2730 533 2794 M.
557 2728 591 2809 2,
615 2728 693 2809 454,
722 2732 797 2809 aut,
824 2732 864 2793 ut
888 2726 1050 2810 Ovidius,
1079 2730 1320 2813 contemptrix
1342 2729 1391 2817 (4)

358 2860 531 2927 superum
552 2843 600 2908 M.
624 2843 653 2923 I,
675 2842 752 2924 161,
775 2842 839 2908 sed
861 2858 869 2909 :
893 2840 1031 2907 domuit
1052 2840 1149 2908 feras
1170 2844 1205 2926 3,
1232 2846 1307 2926 Pr.,
1329 2844 1390 2929 58,

357 2960 578 3022 contemneres
593 2972 679 3022 suos
694 2956 722 3022 I.
740 2956 774 3040 3,
784 2956 824 3040 63
843 2954 957 3021 filiam
971 2960 1156 3023 rorantem
1170 2958 1205 3041 4,
1218 2957 1253 3041 5,
1269 2959 1290 3023 4
1305 2955 1366 3045 (5).

393 3250 433 3320 (1)
453 3249 494 3305 Gl.
511 3250 597 3306 Nem.
615 3250 685 3319 Cyn.
702 3248 738 3303 79
752 3248 877 3319 Spretor
891 3265 1052 3306 morarum.
1063 3252 1172 3319 Appul.
1188 3255 1260 3306 met.
1275 3251 1294 3305 3
1308 3251 1391 3322 [pag.

357 3334 420 3404 209,
439 3334 589 3404 0363311.)
605 3333 731 3405 Spretor
744 3336 953 3391 matronalium
968 3338 1171 3404 amplexuum.

394 3417 434 3487 (2)
454 3419 494 3473 Gt.
512 3419 584 3474 Stat.
602 3419 670 3473 Silv.
686 3418 713 3472 5.
729 3418 755 3488 5,
771 3418 872 3474 401113
888 3434 944 3487 ego
958 3420 1114 3487 lugentum
1129 3419 1211 3473 mitis
1225 3420 1347 3474 solator.

395 3504 434 3572 (3)
454 3504 495 3558 Gt.
513 3504 585 3559 Plin.
602 3502 646 3559 36.
664 3502 709 3572 16,
723 3502 759 3557 25
772 3504 884 3559 terrum
899 3503 1046 3557 domitrix
1069 3505 1118 3559 illa
1141 3519 1242 3559 rerum
1257 3505 1393 3560 omnium

359 3589 493 3643 materia.

395 3673 434 3741 (4)
450 3673 491 3728 Gt.
508 3674 581 3727 Plin.
599 3672 642 3727 19.
658 3674 686 3739 8,
695 3673 736 3727 Ι44
759 3674 855 3728 Eruca
877 3672 1079 3743 contemptrice
1101 3674 1254 3742 frigorum.
1279 3675 1322 3730 Id.
1337 3674 1387 3729 37.

358 3758 386 3827 4,
404 3758 438 3811 15
451 3758 496 3812 vis
512 3788 544 3797 -
560 3759 630 3813 terri
646 3759 786 3827 ignisque
801 3758 1010 3827 contemptrir.

396 3845 435 3914 (5)
455 3846 553 3899 Unum
567 3850 669 3901 tamen
685 3860 797 3900 nomen
812 3844 921 3899 in-triar
935 3847 1092 3915 desinens,
1103 3846 1209 3917 patriae
1228 3846 1342 3901 seilicet
1354 3844 1389 3897 4.

359 3929 388 3997 5,
403 3929 449 3997 25,
474 3930 553 3998 apud
577 3930 738 3985 Phaedrum
761 3931 884 3997 videaS,
909 3931 989 3998 quod
1013 3946 1121 3999 parurn
1144 3931 1269 3985 latinum
1289 3929 1393 3983 existi-

360 4014 504 4069 mandum
520 4016 577 4069 sit:
595 4016 680 4083 cujus
704 4015 834 4069 nominis
850 4029 947 4081 genus
963 4015 1162 4070 masculinum
1185 4012 1392 4079 multomagis

360 4098 504 4165 usitatum
520 4103 577 4167 est,
595 4100 707 4168 quippe
721 4098 813 4167 quod,
828 4101 862 4152 ut
883 4098 1018 4152 omittam
1034 4099 1120 4167 alios,
1135 4098 1214 4167 apud
1236 4097 1392 4151 Horatium

361 4182 426 4249 (Ep.
443 4181 465 4235 1.
480 4180 527 4249 19,
542 4181 568 4235 3.
586 4182 641 4237 06.
657 4182 684 4238 2.
699 4180 746 4251 20,
761 4180 820 4251 20),
834 4183 1021 4251 Propertium
1046 4185 1080 4252 (1.
1097 4182 1142 4248 16,
1163 4182 1203 4251 5),
1226 4182 1391 4236 Martialem

362 4266 401 4337 (6,
417 4264 462 4336 78)
477 4268 653 4338 reperiatur.
