3134 5100
670 539 829 601 ..31-

231 703 473 791 Ovidiumque
503 703 563 793 (1),
581 703 633 771 ita
646 705 704 771 vel
721 704 816 790 apud
833 701 988 789 priores,
1005 700 1204 788 Virgilium
1218 701 1265 792 (2)
1334 705 1339 714 '

232 823 270 884 et
285 815 475 884 Horatium
490 815 550 905 (3),
567 816 792 884 observetur.

279 932 370 998 Sunt
382 929 492 998 etiam
504 928 582 1014 alii,
595 928 773 1017 inprimis
787 929 951 998 Tibullus
961 929 1007 1018 (4)
1020 935 1056 997 et
1067 930 1194 997 Celsus
1204 927 1265 1016 (5),

234 1045 298 1132 qui
318 1052 402 1113 ante
423 1053 616 1132 utrumque
636 1043 941 1130 interrogationis
961 1044 1164 1112 membrum
1186 1061 1267 1130 par-

233 1159 386 1228 ticulam
403 1179 516 1226 «nn»
533 1158 679 1227 iterent.

280 1273 410 1343 Omnia
425 1273 490 1342 illa
507 1272 688 1342 sermonis
702 1271 792 1340 vitia
810 1274 944 1342 Noster
965 1271 1115 1357 refugit,
1133 1260 1267 1358 quippo

234 1387 300 1475 qui
322 1389 522 1456 secundum
545 1407 647 1474 purae
670 1386 866 1454 latinitatis
886 1387 1006 1472 legem
1027 1391 1112 1454 ante
1134 1403 1269 1453 secun-

234 1503 322 1569 dum
337 1502 481 1569 demum
497 1497 801 1584 interrogationis
816 1500 1020 1568 membrum
1036 1495 1270 1584 conjunctio-

234 1634 320 1683 nem
338 1637 356 1680 «
371 1634 450 1683 nn»
468 1613 665 1682 adhibeat:

308 1751 334 1807 3.
351 1751 395 1822 15,
411 1751 446 1806 10
465 1752 550 1808 Unde
564 1752 614 1807 illa
628 1751 725 1821 seivit,
742 1751 829 1819 niger
843 1766 884 1805 nn
900 1750 986 1806 albus
1001 1749 1171 1805 nascerer?

280 1966 313 2055 γ)
336 1968 418 2035 Νο0
442 1967 511 2035 hoo
533 1948 680 2034 crimini
705 1967 861 2035 Phaedro
885 1967 1045 2033 dandum
1071 1984 1151 2034 esse
1177 1963 1270 2032 mibi

232 2080 393 2166 videtur,
418 2080 449 2149 si
469 2088 551 2169 post
568 2081 780 2150 adverbium
798 2082 971 2148 «sinent»
990 2078 1269 2166 conjunctiones

237 2217 258 2261 r<
273 2215 327 2280 nc,
338 2200 473 2280 atquc»
490 2195 720 2282 frequentius
734 2194 909 2263 reciderit
918 2194 964 2283 (6)
978 2213 986 2262 :
1001 2213 1132 2280 nempe
1148 2191 1270 2262 brevis

234 2307 305 2375 illa
331 2313 368 2375 et
396 2307 565 2394 expedita
593 2308 729 2376 locutio
756 2310 853 2396 apud
882 2308 1058 2394 optimum
1089 2325 1270 2393 quemque

235 2420 455 2508 scriptorem
480 2440 554 2489 non
576 2423 682 2489 modo
708 2440 790 2490 eum
820 2421 982 2507 perfecto
1008 2417 1269 2507 historicum,

274 2680 313 2749 (1)
341 2683 379 2737 Μ.
413 2681 440 2735 3.
474 2682 528 2736 256
556 2684 695 2751 culpetne
723 2684 880 2752 probetne.
910 2682 956 2752 13,
984 2680 1038 2736 912
1064 2686 1271 2737 monstrumne

235 2765 354 2819 deusne
368 2766 420 2821 Ille
435 2766 474 2821 sit
493 2766 644 2834 ignorans.
666 2766 706 2837 15,
726 2766 779 2822 503
798 2767 941 2821 Indiciine
961 2770 1044 2821 metu
1059 2766 1158 2834 magis
1177 2765 1271 2820 olleo-

236 2865 313 2906 sane
329 2852 469 2919 repulsae.

190 2935 195 2941 '
276 2934 316 3003 (2)
334 2936 398 2989 AEn.
418 2934 445 2990 1.
466 2934 519 2991 308
539 2936 593 3001 Qui
613 2940 781 2991 teneant-
795 2937 973 2992 hominesne
991 2937 1113 2991 leraene.
1129 2933 1155 3004 5,
1171 2932 1207 2988 05
1223 2934 1272 2988 In·

235 3024 342 3075 certus
357 3021 518 3088 geniumne
529 3021 586 3075 loci
600 3021 782 3075 famulumne
797 3022 932 3091 parentis
948 3022 1024 3076 Esse
1038 3025 1133 3089 putet.
1150 3016 1270 3088 (11702,

234 3100 285 3172 12,
301 3102 363 3159 321.
1073 3156 1078 3165 ,

182 3178 191 3192 “
276 3185 316 3254 (3)
335 3187 387 3255 Ερ.
413 3187 436 3241 Ι.
461 3186 506 3257 15,
531 3187 567 3242 15
586 3188 771 3243 collectosne
787 3188 892 3242 bibant
914 3189 1027 3244 imbres
1048 3192 1195 3257 puteosne
1218 3201 1273 3256 pe·

235 3286 362 3327 rennes
394 3273 434 3327 Cf.
466 3287 492 3327 a.
524 3288 553 3341 p.
583 3271 635 3326 117
664 3273 850 3328 Mercatorne
874 3288 970 3341 vagus
991 3275 1126 3328 cultorne
1149 3273 1273 3327 virentis

234 3357 337 3425 agelli.
976 3416 979 3422 ,

277 3438 317 3507 (1)
335 3440 361 3495 3.
382 3442 409 3509 1,
431 3438 467 3494 20
490 3440 528 3509 (51
551 3441 646 3495 nostri
668 3445 772 3497 mutua
793 3455 866 3496 cura
885 3442 944 3511 est)
967 3457 1007 3495 nn
1029 3442 1126 3498 minor
1146 3457 1187 3495 cn
1210 3446 1273 3497 toto

235 3529 364 3595 pectore
379 3524 554 3579 deciderim.

277 3608 317 3676 (5)
336 3607 362 3678 3,
383 3607 400 3661 6
418 3608 581 3663 videndum
601 3614 649 3665 est
666 3640 700 3649 -
716 3626 758 3664 an
772 3611 949 3666 adstrictum
965 3626 1075 3680 corpus
1095 3612 1134 3667 sit
1152 3627 1193 3666 an
1207 3625 1275 3681 pro·

236 3694 323 3747 ssuat.
348 3693 388 3747 Cf.
410 3694 489 3761 Virg.
513 3694 577 3747 AEn.
594 3693 638 3763 10,
660 3692 764 3749 680-83
782 3696 907 3750 fluctuat
928 3712 970 3749 en
989 3710 1060 3751 sese
1082 3710 1225 3751 mucrone
1241 3726 1275 3737 -

236 3776 346 3830 induat
360 3806 395 3815 -
409 3777 549 3830 fluctibus
565 3792 606 3829 an
618 3776 708 3844 Jaoiat
723 3778 841 3833 mediis.
1075 3829 1077 3833 .

277 3859 317 3930 (0)
336 3859 363 3914 3.
379 3860 424 3929 10,
441 3859 477 3913 29
494 3860 586 3913 sinant
605 3859 743 3930 adspersit
761 3862 865 3933 lilium,
887 3892 921 3901 -
942 3864 1172 3930 repraesentavit
1192 3863 1221 3915 in
1240 3878 1274 3917 se

237 3959 381 4015 poenam.
398 3944 443 4015 14,
460 3944 477 3998 3
492 3944 572 4013 qnod
587 3944 680 3998 cernit
694 3943 796 4015 annal,
815 3976 846 3986 -
866 3961 969 4002 arcum
988 3952 1143 4001 retensum
1162 3949 1272 4015 posuit.

238 4027 416 4098 01.16,10;
437 4027 1275 4099 4.20,5;5.5,19;2.1,1111011151“111010110115Ῑ105-

237 4120 305 4169 tum
322 4141 356 4151 -
375 4112 474 4179 aquila
493 4116 541 4165 est
558 4115 663 4180 parata
678 4125 785 4180 rapere
800 4102 960 4179 porcellos
973 4111 1001 4166 1.
1017 4112 1044 4181 5,
1058 4111 1093 4167 10
1107 4116 1169 4166 tum
1183 4109 1275 4166 simul

235 4201 356 4258 habero
371 4214 421 4254 res
437 4196 593 4252 desierint.

275 4284 318 4357 (7)
339 4284 398 4339 cic.
422 4283 472 4337 fin.
496 4282 523 4337 3.
543 4282 570 4351 0,
588 4282 619 4335 21
642 4281 733 4335 sirnnl
755 4287 856 4337 autom
876 4283 963 4354 cepit.
987 4282 1026 4338 Cf.
1048 4288 1099 4338 att.
1120 4282 1146 4338 3.
1170 4282 1214 4353 18,
1237 4284 1273 4355 1;
1332 4315 1339 4327 ·
