3134 5100
791 496 950 559 ..75-

357 662 470 748 gilius
481 660 528 750 (1)
542 661 712 749 primum,
727 661 860 730 deinde
872 661 1037 730 Tibullus
1050 661 1096 751 (2)
1112 661 1325 749 Propertius
1339 660 1385 750 (3)

356 775 492 862 saepius
508 780 698 862 usurpant.
717 778 795 842 Imo
809 774 867 842 vel
884 774 923 842 in
939 793 1059 861 prosae
1075 771 1253 842 orationis
1268 773 1388 860 scrip-

239 873 241 878 ’
355 887 508 968 toribus,
528 894 565 955 ut
579 886 729 955 Valerio
745 886 903 956 Maximo
919 885 965 975 (4)
982 890 1019 955 ct
1031 885 1200 955 Vitruvio
1213 885 1273 974 (5),
1289 885 1386 953 idem

355 999 538 1068 interdum
555 1000 817 1087 reprehendas.

400 1117 513 1192 Quam
543 1111 721 1180 orationis
749 1111 966 1199 pravitatem
999 1099 1196 1179 Phaedrum
1230 1112 1386 1179 evitasse

356 1229 436 1296 haee
453 1228 543 1310 sola,
562 1247 581 1294 e
597 1226 743 1294 Phaedri
760 1245 871 1314 opere
887 1231 1051 1313 excepta,
1065 1225 1153 1294 satis
1167 1226 1386 1314 comproba-

356 1342 446 1409 bunt
463 1340 652 1427 exempla:
1207 1358 1210 1362 ⁴

331 1529 334 1534 ¹
356 1506 444 1570 Quis.
460 1483 538 1572 -3,
554 1502 631 1575 9,17
652 1505 773 1560 memini
789 1502 854 1574 quis
869 1517 919 1558 me
933 1517 1007 1558 saxo
1022 1501 1159 1572 petierit.
1179 1500 1224 1572 13,
1241 1500 1276 1556 lt
1294 1505 1389 1572 Aper·
1426 1494 1433 1503 “

296 1585 302 1598 ’
391 1606 456 1656 tum
478 1605 527 1656 est
548 1599 613 1672 quis
635 1615 696 1657 non
716 1599 811 1670 possit
834 1598 950 1670 etquis
969 1596 1086 1668 feeerit.
1107 1600 1180 1669 Epil.
1196 1599 1231 1653 39
1250 1597 1302 1670 qui
1315 1598 1388 1668 sint,

391 1698 538 1768 requires.
555 1697 582 1753 5.
597 1697 625 1768 9,
642 1696 658 1751 7
674 1699 809 1767 (sentiat)
824 1713 894 1769 qum
909 1695 1111 1767 attemptarit.
1352 1771 1357 1777 Ι

356 1800 485 1863 Quouis.
500 1827 532 1836 -
549 1798 576 1851 5.
594 1796 620 1868 5,
636 1795 672 1852 38
690 1799 733 1853 En
748 1799 798 1852 hie
812 1798 946 1854 declarat
960 1799 1062 1869 quales
1076 1795 1143 1850 sitis
1154 1797 1273 1865 judices
1289 1797 1295 1850 t

342 1896 413 1950 ·A1v.
429 1894 504 1951 -1,
520 1894 565 1966 93,
580 1895 598 1949 l
613 1899 734 1950 tentans
750 1911 792 1949 cm
806 1896 873 1950 eino
889 1898 988 1966 posset
1001 1897 1078 1965 capi.
1094 1896 1140 1966 94,
1156 1894 1173 1950 5
1192 1897 1392 1964 Interrogavit

392 2005 433 2042 cre
453 1989 531 2046 hove
552 1994 625 2043 esset
643 1991 739 2045 latior.
761 1989 787 2046 d.
803 1988 864 2062 926
881 1990 996 2057 rogavit
1014 1994 1086 2044 esset
1105 2006 1147 2044 an
1166 1991 1263 2045 dulcis
1280 1991 1390 2060 liquor,

393 2090 462 2155 etc,
480 2090 561 2142 etc...

399 2303 430 2391 β)
454 2308 542 2372 Tum
559 2324 702 2392 quoque
717 2325 739 2372 a
752 2305 898 2373 sincera
911 2305 1094 2374 latinitate
1108 2307 1308 2374 deflectunt
1326 2305 1393 2392 qui

356 2421 504 2490 Phaedri
532 2428 653 2506 aetate,
675 2422 749 2490 imo
771 2427 856 2490 ante
877 2425 957 2509 ejus
980 2429 1126 2492 aetatem
1148 2422 1391 2510 scripserunt,

355 2559 438 2608 cum
454 2539 751 2626 conjunctionem
765 2539 854 2607 dem
869 2538 919 2629 [=
929 2539 1072 2609 interea
1087 2540 1190 2630 dum]
1209 2561 1291 2609 cum
1307 2541 1393 2609 sub-

351 2653 519 2740 junctivo
535 2655 639 2722 modo
653 2655 831 2723 efferunt:
850 2656 945 2741 quod
959 2673 1033 2722 non
1045 2656 1151 2723 modo
1163 2656 1257 2742 apud
1270 2654 1394 2723 Tibul-

335 2969 336 2973 ’
392 2969 431 3038 (1)
450 2970 514 3024 AEn.
530 2967 558 3038 6,
574 2965 628 3022 1114
646 2982 685 3023 ne
700 2982 803 3036 quaere
823 2968 924 3023 doceri
943 2996 973 3005 -
997 2966 1065 3032 Quae
1084 2968 1180 3023 lorma
1197 2967 1278 3023 viros
1296 2968 1392 3023 fortu-

356 3067 433 3108 nave
447 3050 562 3105 mersit.

393 3138 432 3206 (9)
452 3137 478 3193 9.
495 3137 522 3207 d,
539 3136 573 3190 17
587 3137 651 3192 Nec
665 3136 763 3191 refero
777 3134 921 3205 quetis-
935 3137 1034 3191 versis
1049 3137 1133 3192 Luna
1147 3135 1279 3190 recurrit
1293 3137 1390 3204 equis.

299 3274 300 3279 ,
391 3221 431 3292 (3)
451 3223 477 3277 t.
492 3222 519 3291 9,
535 3221 553 3276 9
566 3220 678 3289 Aspice
694 3235 749 3290 quo
764 3218 915 3274 submittit
929 3221 1082 3288 (Muellerz
1100 3210 1266 3288 submittat)
1281 3221 1393 3275 humus

355 3309 488 3364 formosa
501 3309 629 3362 colores.

390 3393 466 3447 Alibi
490 3391 699 3465 subjunctivus
721 3391 808 3459 juxta
831 3390 1025 3445 indicativum
1049 3391 1208 3459 invenitur,
1235 3394 1267 3444 ut
1289 3390 1318 3443 in
1342 3389 1392 3443 his

348 3462 513 3533 versibus:
544 3476 571 3530 3.
596 3475 695 3545 8[l6]‚
718 3474 753 3529 99
777 3476 888 3544 Aspice
913 3476 984 3543 quid
1004 3476 1092 3530 donis
1116 3476 1254 3545 Eriphyla
1276 3472 1394 3528 invenit

356 3562 466 3616 amaris
489 3558 609 3614 Arserit
638 3565 668 3615 et
690 3560 811 3627 quantis
835 3564 929 3627 nupta
950 3560 1063 3614 Creusa
1085 3560 1181 3614 malis.
1206 3557 1242 3612 98
1266 3558 1332 3629 [30],
1357 3557 1394 3609 99

357 3636 490 3713 (canere)
518 3648 552 3697 ut
580 3644 698 3700 Semela
726 3646 769 3696 est
798 3644 985 3711 combustus
1015 3647 1049 3696 ut
1077 3645 1120 3695 est
1144 3643 1320 3711 deperditus
1347 3642 1391 3710 10,

356 3728 492 3795 Denique
506 3732 539 3781 ut
554 3728 592 3780 ad
607 3727 702 3793 Trojae
717 3730 799 3781 tecta
814 3724 925 3779 volarit
941 3727 1014 3780 avis,

392 3811 432 3879 (1)
451 3811 478 3865 t.
494 3810 511 3864 3
525 3811 610 3879 prael.
628 3811 821 3865 referendum
837 3815 885 3864 est
901 3815 1090 3879 quantopere
1105 3839 1140 3849 -
1154 3811 1296 3865 summoti
1309 3814 1393 3863 sunt.

355 3895 382 3951 5.
399 3895 426 3965 7,
443 3900 504 3950 ext.
521 3897 533 3948 1
554 3896 616 3964 jam
631 3895 746 3968 patebit
761 3910 851 3963 quam
867 3896 961 3949 multa
976 3926 1010 3935 —-
1024 3894 1177 3966 supererit
1192 3896 1268 3966 [Car.
1285 3896 1394 3950 Halm:

357 3979 566 4047 superaverit).
591 3977 619 4032 8.
643 3978 671 4047 t,
696 3979 780 4046 praef.
804 3978 999 4039 recordemur
1020 3978 1131 4046 quinus
1154 3980 1193 4034 de
1216 3978 1317 4033 causis
1341 3984 1398 4034 aut

356 4062 485 4117 absoluti
499 4065 569 4115 suat
584 4066 636 4117 aut
650 4061 794 4116 damnati.
806 4062 853 4116 of.
868 4060 896 4129 8,
912 4061 957 4115 11.
973 4062 1058 4129 praet.
1344 4061 1346 4064 ’

391 4145 432 4214 (5)
452 4145 479 4199 9.
499 4146 584 4214 praef.
604 4158 673 4214 pag.
694 4142 730 4197 33
749 4145 1006 4212 quemadmodum
1028 4146 1066 4199 ah
1086 4145 1217 4201 bissum
1238 4144 1398 4205 institutus

357 4244 518 4300 exponam.
