3134 5100
607 554 747 616 ..7-

160 715 194 780 si
206 713 355 780 celerius
374 731 530 798 cepero»
548 711 606 802 (1).
630 717 684 782 Ita
705 733 793 782 vero
815 731 899 780 rara
920 711 1029 781 estin
1044 711 1193 780 Pheedri

164 827 298 896 sabulis
315 827 460 914 plenior
475 827 541 894 illa
556 827 851 912 dicendipligura,
869 833 908 893 ut
923 826 1073 894 insolita
1087 846 1195 912 pror-

163 961 226 1008 sus
255 945 292 1008 et
324 941 368 1007 ab
399 939 571 1017 universo
602 940 780 1008 orationis
813 941 936 1008 colore
965 938 1195 1006 alienissima

160 1054 343 1122 videatur.

209 1169 518 1246 Quemadmodum
542 1190 588 1238 ne
608 1190 689 1238 rem
711 1171 876 1238 eamdem
898 1170 1035 1237 frustra
1053 1173 1195 1256 repetat

164 1283 341 1350 Phee'drus
370 1282 572 1368 diligenter
600 1283 798 1366 navet,·ita
825 1302 933 1370 quum
962 1281 1195 1369 paucissimis

165 1395 288 1463 verbis
300 1415 358 1462 res
374 1395 541 1481 singulas
558 1397 748 1465 absolvere
763 1396 916 1464 enititur
932 1415 940 1466 :
958 1396 1044 1464 inde
1058 1397 1148 1462 litut
1160 1401 1196 1463 et

59 1582 64 1594 ,
164 1510 279 1584 multa
300 1511 479 1596 adjectiva
505 1511 742 1607 participiave
768 1513 909 1594 efferat,
933 1510 1065 1597 quibus
1088 1517 1195 1579 antea

149 1622 394 1690 ‘enuntiatum
410 1624 677 1692 substantivum
696 1627 755 1692 uel
779 1644 981 1711 pronomen
1002 1642 1195 1710 apponen-

141 1737 250 1803 dum
266 1735 314 1804 sit
328 1735 375 1824 (2)
386 1755 395 1821 ;
414 1742 450 1804 et
463 1738 574 1805 verba
596 1738 745 1824 saepiuS,
762 1757 845 1804 oum
865 1739 1100 1823 adjungenda
1123 1737 1198 1804 sint

162 1856 296 1920 neutra
317 1849 547 1937 pronomina,
565 1853 689 1938 qualia
711 1854 794 1936 hoo,
815 1851 921 1934 illud,
943 1850 1096 1937 aliquid,
1118 1853 1197 1919 sole

163 1965 330 2052 proferre
346 1983 419 2032 non
436 1964 577 2033 dubitet
594 1965 659 2053 (3);
678 1969 714 2031 et
729 1967 798 2032 hoo
813 1965 1066 2032 vocabulum«
1086 1983 1158 2030 esse
1176 1985 1196 2028 »

165 2086 247 2166 post
262 2077 385 2146 omnia
402 2077 588 2164 participii
602 2098 740 2162 genera
757 2078 893 2145 eximat
907 2077 967 2166 (4).

208 2195 291 2261 Non
307 2191 427 2258 minus
445 2191 531 2258 huic
545 2191 599 2258 rei
614 2192 816 2276 diligenter
830 2193 951 2258 studet
967 2196 1017 2275 ut,
1035 2192 1198 2259 vocabu-

65 2315 66 2318 ’
164 2307 212 2376 lis
227 2307 266 2374 in
284 2305 450 2374 oratione
467 2305 584 2392 perite
601 2305 748 2373 structis
764 2305 1062 2391 compositisque,
1075 2305 1197 2372 acrius

164 2428 201 2491 et
215 2421 375 2491 vividius
391 2420 574 2491 sententia
590 2421 676 2488 inde
689 2419 871 2488 emineat:
888 2421 983 2506 quod
998 2420 1144 2506 quidem
1157 2422 1198 2487 fit

163 2537 256 2622 sive,
274 2535 596 2624 conjunctionibus
614 2555 633 2602 e
648 2533 767 2621 prima
782 2535 977 2602 verborum
998 2533 1196 2603 continua-

163 2653 277 2721 tionis
309 2656 395 2721 sede
428 2650 605 2734 exclusis,
642 2650 835 2737 permagni
868 2650 1040 2736 ponderis
1073 2650 1196 2719 uerbis

164 2766 358 2853 egregium
380 2766 485 2833 illum
502 2771 537 2833 et
552 2764 792 2851 oonspiouum
815 2766 935 2833 locum
950 2771 1113 2832 reservat
1127 2765 1195 2853 (5);

201 3020 241 3088 (l)
260 3018 287 3073 3.
303 3020 375 3087 Epil.
392 3017 483 3071 1314.

200 3104 241 3172 (9)
261 3104 416 3170 Corripere
440 3101 534 3169 eoepit
554 3098 690 3169 singulos
714 3100 853 3170 (supplet
878 3102 980 3168 renes)
1004 3102 1026 3155 I.
1042 3100 1070 3170 2,
1084 3099 1138 3169 253
1162 3131 1196 3139 —

162 3188 336 3258 Improbum
350 3188 409 3241 leto
435 3186 518 3241 dedit
543 3187 632 3254 (supp
646 3201 652 3239 :
677 3187 850 3254 mustelam)
865 3187 887 3241 Ι.
903 3186 948 3256 2⁴2,
964 3186 999 3257 93
1017 3185 1146 3256 adsidetis
1165 3192 1197 3240 ut

162 3277 322 3330 succurrat
337 3272 445 3340 (supp:
463 3272 531 3340 sihi)
546 3272 568 3325 Ι.
590 3270 616 3340 2,
633 3270 687 3341 283
711 3302 745 3311 -
766 3272 959 3341 proculcatas
980 3273 1099 3327 obteret
1121 3272 1196 3326 duro

160 3358 244 3428 pede
260 3357 368 3425 (supp:
384 3356 452 3419 uos)
469 3356 491 3409 Ι.
508 3354 553 3423 30,
571 3354 616 3409 lO.

198 3444 233 3497 ln
248 3441 388 3495 omnibus
402 3439 459 3493 illis
476 3439 624 3506 exemplis
648 3452 708 3493 non
733 3438 840 3508 agitur,
867 3439 905 3493 de
920 3454 980 3507 quo
994 3444 1103 3508 postea
1116 3440 1197 3494 dioe-

159 3542 241 3596 mus
259 3525 439 3593 adjectivum
453 3538 508 3593 pro
523 3524 711 3578 susbtantivo
727 3524 870 3591 positum.

198 3612 238 3681 (3)
258 3612 387 3665 Faceres
403 3606 457 3676 (id)
476 3609 501 3661 si
521 3622 613 3662 causa
637 3623 705 3662 meu
726 3609 748 3662 I.
764 3606 810 3678 92,
825 3607 861 3677 43
888 3640 921 3647 —
944 3609 1126 3677 contempsit
1140 3606 1195 3677 (id)

160 3701 222 3767 illu,
239 3700 304 3750 tutu
318 3696 429 3763 quippe
447 3694 513 3761 ipso
528 3695 593 3747 loco
608 3692 652 3762 98,
669 3692 704 3761 73
721 3724 755 3731 -
775 3694 874 3747 Bonas
897 3694 926 3746 in
951 3698 1064 3763 partes,
1091 3695 1194 3762 lector,

160 3781 266 3851 (illud)
283 3780 413 3847 accipies
428 3778 517 3831 velim
531 3776 558 3832 2.
574 3778 650 3847 Prol‚
667 3776 712 3846 ll,
730 3780 800 3846 eto,
817 3782 875 3831 eto.
1081 3766 1085 3771 ’

199 3866 239 3932 (d)
260 3864 435 3931 (Conlessus
461 3861 519 3929 est)
543 3876 604 3914 non
628 3856 701 3915 artis
725 3862 786 3914 ulla
807 3861 934 3915 medioae
959 3876 994 3915 se
1021 3851 1195 3931 prudentia,

160 3965 271 4007 verum
294 3934 418 4015 stupore
441 3946 521 4013 vulgi
536 3945 651 4014 fartum
665 3946 807 3999 nobilem.
824 3946 846 3999 I.
862 3945 907 4015 ld,
923 3945 967 3999 ll.
983 3946 1128 4013 Equidem
1148 3960 1198 3999 me

161 4036 368 4103 contemptum
383 4032 501 4100 gaudeo
515 4029 542 4084 2.
560 4029 587 4100 7,
603 4030 647 4084 lt.
663 4030 741 4084 Num
756 4029 882 4083 clitellas
906 4023 1118 4097 impositurum
1138 4030 1198 4083 vir.-

161 4126 263 4174 torem
277 4117 388 4185 putas?
403 4116 430 4170 l.
446 4115 490 4184 15,
502 4113 528 4168 7.
547 4114 576 4168 Si
592 4114 660 4181 quis
675 4114 797 4183 leeserit,
809 4112 1019 4166 mulctandum
1034 4113 1122 4167 simili
1130 4112 1197 4180 jure

160 4203 439 4259 sabelluadmonet.
457 4200 479 4255 Ι.
497 4198 624 4267 dost...
965 4188 968 4194 ’
999 4266 1002 4271 ¹

199 4289 240 4360 (5)
261 4286 435 4341 Fraudator
459 4284 597 4339 homines
622 4299 689 4337 com
715 4284 842 4337 advocet
871 4295 1018 4352 sponsum
1043 4280 1197 4351 improbos
