3134 5100
811 557 912 620 -24
933 576 977 604 -·

420 725 511 792 Sunt
533 727 654 792 tamen
678 724 772 811 apud
794 723 967 792 Nostrum
988 719 1060 790 tria
1079 738 1161 808 quae
1177 738 1296 806 neque
1312 717 1406 806 apud

376 837 590 906 Ciceronem
605 856 724 924 neque
748 838 844 924 apud
864 839 1044 905 Caesarem
1059 833 1186 903 videas
1201 838 1308 920 atque
1324 831 1407 900 ideo

375 952 485 1038 paulo
508 951 750 1020 insolentiora
770 950 1015 1037 judicaverim
1040 966 1049 1016 :
1073 948 1214 1016 derisor
1232 950 1266 1015 3.
1288 949 1344 1032 14,
1364 948 1405 1031 4;

373 1069 500 1151 raptor
515 1068 543 1133 I.
562 1067 618 1150 31,
634 1066 675 1150 5,
689 1065 895 1131 consiliator
907 1064 942 1132 2.
959 1065 993 1147 6,
1010 1064 1044 1131 2.
1060 1064 1278 1139 -Quorum
1292 1079 1406 1128 voca-

374 1180 544 1248 bulorum
558 1200 671 1246 unum
683 1178 863 1265 quidem«
881 1179 1087 1245 consiliator
1106 1199 1125 1242 »
1140 1176 1298 1264 primum
1312 1177 1407 1262 apud

373 1295 570 1362 Phaedrum
586 1299 758 1380 apparet,
778 1295 933 1361 duorum
948 1311 1035 1361 vero
1057 1291 1285 1378 reliquorum
1307 1291 1405 1358 alte-

373 1430 454 1477 rum
470 1433 489 1476 u
505 1410 645 1477 derism
664 1432 682 1474 »
700 1411 796 1497 apud
810 1409 1001 1477 Horatium
1017 1408 1103 1497 (Sat.
1119 1408 1154 1476 2.
1171 1408 1205 1491 6,
1221 1408 1284 1493 54,
1300 1408 1342 1474 Α.
1363 1409 1404 1473 Ρ.

374 1522 471 1610 433),
494 1525 651 1591 alterum
671 1545 690 1588 r
713 1528 842 1608 raptor
864 1546 882 1588 »
908 1524 1002 1610 apud
1024 1524 1193 1590 Plautum
1216 1521 1324 1610 (Men.
1348 1540 1404 1607 pr.

373 1639 417 1706 65
426 1657 436 1723 ;
457 1637 555 1705 Trin.
579 1638 612 1705 2.
638 1639 671 1722 1,
692 1637 755 1722 23,
780 1639 905 1704 Horat.
930 1638 988 1705 od.
1013 1640 1045 1704 4.
1070 1638 1105 1721 6,
1128 1637 1172 1721 2,
1192 1635 1298 1721 Virg.
1320 1638 1404 1703 AEn.

372 1749 405 1816 2.
418 1749 497 1838 356)
508 1748 842 1835 reperitur-Hoc
859 1756 1040 1835 praeterea
1052 1748 1111 1815 vel
1128 1747 1283 1815 maxime
1298 1752 1408 1814 notaa

372 1861 471 1935 tione
504 1861 657 1947 dignum
683 1860 841 1946 videtur,
870 1861 1081 1929 eorumdem
1109 1860 1299 1928 nominum
1333 1862 1407 1928 duo

372 1995 446 2042 non
475 1973 726 2042 transitoriam
756 1974 952 2058 actionem,
982 1975 1067 2058 sed,
1103 1978 1142 2040 ut
1178 1975 1274 2061 apud
1304 1973 1406 2060 opti-

372 2107 450 2156 mos
463 2087 662 2175 scriptores
676 2087 757 2154 fieri
769 2087 875 2171 solet,
888 2085 1101 2172 qualitatem
1116 2087 1280 2171 subiecto
1291 2085 1409 2154 inhae-

372 2207 513 2268 rentem
528 2199 725 2283 designare
741 2197 788 2286 (1)
806 2216 813 2265 :
832 2217 962 2284 nempe
976 2198 1016 2264 in
1031 2197 1090 2265 his
1104 2197 1272 2266 versibus

481 2379 493 2414 r
516 2359 640 2414 Derisor
654 2361 754 2431 potius
769 2375 860 2428 quam
875 2360 1060 2414 deridendus
1075 2374 1171 2414 senex
1190 2377 1204 2412 0

1061 2453 1091 2506 3.
1115 2451 1208 2522 14,1.

480 2572 494 2607 u
515 2554 677 2609 Consilium
691 2558 798 2624 ruptor
812 2555 902 2609 vertit
916 2556 954 2609 ad
969 2555 1125 2609 fallaciam.
1148 2572 1161 2606 i

1079 2654 1102 2707 l.
1118 2651 1164 2721 31,
1180 2651 1207 2706 5.

371 2771 556 2856 «nol'nine
580 2809 599 2852 i>
622 2788 764 2855 derisor
788 2791 944 2874 AEsopus
967 2786 1196 2873 designatur,
1219 2789 1324 2873 cujus
1343 2806 1406 2874 pe·

371 2904 444 2970 tius
467 2908 546 2969 erat
565 2902 658 2970 alies
679 2902 847 2971 deridere
869 2923 977 2989 quam
993 2905 1038 2973 ab
1054 2904 1139 2972 aliis
1159 2904 1278 2990 ipsum
1299 2903 1404 2971 deri-

371 3015 471 3100 6601,
495 3017 673 3084 vocabulo
696 3021 818 3083 autem
842 3039 861 3081 ‹<
885 3022 1011 3102 ruptor
1035 3040 1054 3084 s
1079 3017 1303 3101 intelligitur
1326 3016 1402 3085 Mi-

372 3122 468 3213 l‘uus,
495 3131 599 3215 cujus
629 3131 709 3197 haec
733 3130 933 3217 peculiaris
955 3137 1011 3198 est
1034 3130 1178 3198 indoles
1206 3136 1245 3197 ut
1270 3130 1402 3217 rapiat.

370 3242 531 3310 Tertium
547 3245 692 3310 demum
708 3263 841 3311 nomen
858 3266 877 3309 ‹<
901 3245 1108 3311 consiliator
1131 3266 1149 3309 »
1169 3263 1189 3311 a
1205 3264 1296 3331 pura
1312 3244 1403 3311 lati-

372 3354 486 3422 nitate
507 3358 680 3424 recedere
700 3356 857 3441 videtur,
882 3338 1015 3444 quippe
1039 3360 1133 3444 quod
1156 3378 1230 3426 non
1254 3358 1403 3427 diutur-

371 3485 457 3533 nam
485 3465 647 3534 indolem
676 3469 739 3535 sed
769 3467 873 3554 quasi
903 3472 1187 3556 extemporalem
1222 3471 1404 3540 actionem

370 3775 532 3843 fraudator
555 3777 577 3831 I.
603 3776 647 3847 16,
671 3777 703 3847 1,
729 3776 889 3846 96011003.
905 3778 951 3847 17,
975 3778 1028 3848 10,
1052 3779 1236 3847 pubcrnutor
1258 3780 1284 3835 4.
1305 3780 1349 3850 17,
1365 3779 1402 3850 8,

373 3863 502 3927 1001004.
520 3864 546 3933 7,
562 3864 613 3935 21,
626 3868 732 3935 pastor
746 3866 773 3919 3.
790 3866 817 3935 2,
834 3866 884 3935 13,
905 3866 1063 3935 praedator
1078 3867 1104 3921 2.
1121 3867 1148 3936 1,
1164 3867 1200 3937 2,
1217 3873 1300 3922 sutor
1313 3868 1339 3923 3.
1357 3868 1404 3938 17,

370 3947 423 4017 10,
440 3947 569 4018 scriptor
583 3950 609 4003 5.
636 3950 662 4018 l,
688 3950 740 4019 17,
762 3953 911 4019 spectator
935 3951 962 4004 5.
989 3951 1016 4017 7,
1041 3951 1094 4022 13,
1117 3968 1240 4022 sponsor
1260 3954 1283 4007 I.
1305 3952 1349 4023 16,
1365 3954 1403 4024 4,

369 4035 494 4084 cenuter
508 4032 533 4087 5.
551 4032 596 4101 10,
610 4033 646 4102 6,
663 4031 803 4087 0101002.
820 4034 848 4099 1,
865 4034 895 4087 5.

406 4114 445 4184 (1)
466 4116 507 4170 Gt.
538 4118 569 4171 F.
600 4117 738 4171 Antoine.
771 4118 985 4173 Observations
1019 4134 1072 4174 sur
1098 4122 1143 4174 les
1180 4120 1335 4175 exercices
1364 4121 1406 4176 de

370 4194 539 4255 traduction
566 4202 606 4254 du
635 4201 765 4266 franceis
795 4216 833 4255 en
862 4202 943 4256 latin.
974 4204 1067 4260 Paris
1094 4205 1293 4260 Klineksieek.
1320 4204 1405 4267 1880.

369 4300 399 4353 p.
417 4284 461 4354 12,
478 4300 524 4353 sq.
1151 4300 1154 4304 ’
