3134 5100
802 592 980 656 ..1OE-

389 759 435 828 15,
451 759 469 814 3
486 759 619 826 Vestem,
635 758 774 826 uniones,
791 771 909 825 aurum,
926 760 1086 824 argentum
1101 761 1246 811 sumeret.

348 885 352 894 ·
384 856 434 925 -30,
452 855 467 908 7
487 855 577 925 Grilli,
594 855 759 924 scarabaei,
776 856 961 910 locustarum
974 853 1072 924 copia,

373 989 556 1056 interdum
579 1007 661 1055 cum
681 985 814 1054 ceteris
832 984 1006 1052 membris
1029 991 1093 1053 aut
1106 985 1296 1054 vocabulis
1312 985 1399 1052 ulti-

373 1123 471 1171 mum
490 1104 708 1172 vocabulum
730 1102 977 1170 membrumve
1001 1119 1067 1187 per
1090 1105 1199 1167 «et»
1222 1103 1400 1186 conjunc·

373 1217 512 1285 tionem
527 1217 719 1303 copulatur
734 1213 781 1304 (l)
799 1233 807 1283 :

407 1367 435 1436 ll,
452 1365 502 1420 7-8
520 1367 607 1421 Facie
621 1367 814 1420 simulacrum
832 1366 908 1435 pari,
928 1365 994 1420 Una
1012 1368 1129 1420 statura
1146 1364 1244 1419 simile
1263 1367 1294 1417 et
1314 1379 1404 1419 mem-

373 1463 436 1517 bris
451 1463 600 1517 omnibus

408 1559 452 1629 ll,
472 1559 541 1614 9-10
565 1559 679 1627 Pompa
703 1559 878 1628 explicatur,
908 1559 996 1613 turba
1024 1559 1177 1614 concurrit
1198 1561 1345 1627 frequens
1367 1555 1404 1611 Et

373 1658 560 1726 conjugalem
575 1659 692 1726 praebet
707 1657 890 1726 Hymenaeus
905 1656 1012 1711 lacem.

417 1862 471 1927 Ita
491 1861 637 1927 demum
652 1878 673 1927 a
688 1860 866 1927 bonorum
888 1857 1107 1945 scriptorum
1124 1877 1191 1925 usu
1207 1857 1404 1925 recessisse

374 1978 569 2044 Phaedrum
590 1976 760 2059 diximus,
778 1995 874 2059 cum,
891 1974 1021 2063 primis
1036 1975 1328 2042 enumerationis
1343 1995 1406 2041 vo·

374 2089 515 2157 cabulis
550 2088 809 2174 coniunctione
843 2087 1043 2175 copulatis,
1079 2093 1203 2155 cetera
1233 2107 1278 2155 ex
1307 2086 1405 2154 omni

373 2203 571 2271 exsolverit
585 2203 845 2290 conjunctione
861 2220 869 2270 :

408 2315 435 2372 3.
455 2313 499 2385 ll,
520 2316 571 2370 2-4
590 2319 725 2382 Quercus
743 2317 807 2371 Jovi
827 2315 869 2370 Et
882 2320 998 2385 myrtus
1013 2317 1122 2370 Veneri
1142 2315 1263 2384 placuit,
1285 2314 1405 2369 Phoebo

373 2414 485 2482 laurea,
501 2414 592 2468 Pinus
608 2414 747 2483 Cybebae,
764 2415 895 2483 populus
909 2414 993 2468 celsa
1007 2413 1137 2468 Herculi

373 2507 439 2577 Cui
462 2509 543 2577 loeo
566 2510 664 2577 hune
685 2510 893 2579 fabularum
912 2527 1089 2579 novarum
1114 2512 1234 2577 locum
1257 2507 1407 2578 similli-

373 2645 471 2693 mum
487 2644 567 2693 esso
578 2624 789 2710 iudicamus
806 2643 814 2693 :

407 2779 434 2833 2.
455 2778 472 2832 5
491 2796 537 2850 sq.
558 2781 715 2849 Elephanti
724 2782 805 2836 vires
825 2786 852 2836 et
867 2781 964 2836 leonis
974 2782 1131 2851 impetum,
1147 2781 1281 2837 Cornicis
1295 2796 1404 2848 aevnm,

373 2876 497 2944 gloriam
513 2878 589 2931 tauri
604 2878 707 2946 trucis,
724 2878 799 2946 Equi
812 2878 925 2934 velocis
939 2879 1088 2948 placidam
1102 2877 1378 2934 mansuetudinem.

865 3116 916 3180 III

418 3338 464 3407 Ui
485 3337 651 3405 oratione
672 3337 881 3407 simillimas
900 3338 998 3407 inter
1013 3359 1051 3407 se
1068 3346 1211 3409 veteres
1234 3345 1271 3408 et
1293 3360 1406 3410 novas

372 3452 515 3521 fabulas
532 3451 752 3536 invenimus
774 3452 826 3519 ila
844 3435 917 3521 non
934 3453 1055 3521 minus
1070 3473 1177 3539 pares
1196 3456 1358 3541 easdem,
1376 3456 1403 3522 si

373 3565 577 3634 carminum
606 3565 767 3635 rationes
800 3567 1045 3653 spectabimus
1075 3586 1117 3635 ac
1143 3570 1405 3636 nonnullarum

373 3681 573 3750 dictionum
588 3682 811 3769 prosodiam,
826 3681 1069 3749 inveniemus.

417 3796 505 3862 Cum
544 3801 664 3864 autem
693 3795 733 3863 in
770 3795 857 3865 libri
891 3798 936 3862 dc
969 3816 1012 3863 re
1043 3798 1194 3864 metrica
1229 3799 1406 3883 opusculo

372 3908 489 4005 primo
506 3907 551 3997 (2)
569 3908 751 3977 Lucianus
766 3911 922 3977 Mueller
934 3912 978 3977 de
994 3910 1142 3979 Phaedri
1155 3911 1308 3979 metrica
1327 3918 1406 3979 arte

408 4147 447 4297 g}
468 4146 751 4289 {scoliaff'nlueuen
776 4233 812 4287 dc
835 4232 878 4286 Re
904 4232 1033 4287 Matrica
1060 4238 1217 4304 poetarum
1245 4234 1406 4291 latinorum

372 4319 484 4383 praeter
498 4317 634 4372 Plautum
650 4324 681 4373 et
695 4319 868 4375 Terentium
881 4318 948 4373 libri
963 4324 1093 4389 septem.
1110 4352 1144 4360 —
1158 4321 1313 4377 Accedunt
1327 4321 1406 4389 ejus
