<?xml version="1.0" encoding="UTF-8"?>
<!DOCTYPE html PUBLIC "-//W3C//DTD XHTML 1.0 Transitional//EN"
    "http://www.w3.org/TR/xhtml1/DTD/xhtml1-transitional.dtd">
<html xmlns="http://www.w3.org/1999/xhtml" xml:lang="en" lang="en">
 <head>
  <title>
</title>
<meta http-equiv="Content-Type" content="text/html;charset=utf-8" />
  <meta name='ocr-system' content='tesseract 3.04.00' />
  <meta name='ocr-capabilities' content='ocr_page ocr_carea ocr_par ocr_line ocrx_word'/>
</head>
<body>
  <div class='ocr_page' id='page_1' title='image "./dephaedrisermon00causgoog_0115.png"; bbox 0 0 3134 5100; ppageno 0'>
   <div class='ocr_carea' id='block_1_1' title="bbox 512 1145 887 1239">
    <p class='ocr_par' dir='ltr' id='par_1_1' title="bbox 512 1145 887 1239">
     <span class='ocr_line' id='line_1_1' title="bbox 512 1145 887 1239; baseline 0.005 -2"><span class='ocrx_word' id='word_1_1' title='bbox 512 1145 887 1239; x_wconf 77' lang='lat' dir='ltr'>CONCLUSlO</span> 
     </span>
    </p>
   </div>
   <div class='ocr_carea' id='block_1_2' title="bbox 170 2203 1212 4349">
    <p class='ocr_par' dir='ltr' id='par_1_2' title="bbox 178 2203 1210 2405">
     <span class='ocr_line' id='line_1_2' title="bbox 223 2203 1210 2292; baseline 0.003 -21"><span class='ocrx_word' id='word_1_2' title='bbox 223 2207 312 2282; x_wconf 85' lang='lat' dir='ltr'>Quae</span> <span class='ocrx_word' id='word_1_3' title='bbox 332 2203 371 2271; x_wconf 92' lang='lat' dir='ltr'>in</span> <span class='ocrx_word' id='word_1_4' title='bbox 387 2205 456 2272; x_wconf 92' lang='lat' dir='ltr'>hoc</span> <span class='ocrx_word' id='word_1_5' title='bbox 474 2205 650 2291; x_wconf 89' lang='lat' dir='ltr'>opusculo</span> <span class='ocrx_word' id='word_1_6' title='bbox 669 2205 861 2272; x_wconf 83' lang='lat' dir='ltr'>tractanda</span> <span class='ocrx_word' id='word_1_7' title='bbox 880 2203 987 2274; x_wconf 91' lang='lat' dir='ltr'>nobis</span> <span class='ocrx_word' id='word_1_8' title='bbox 1004 2224 1210 2292; x_wconf 87' lang='lat' dir='ltr'>proposue-</span> 
     </span>
     <span class='ocr_line' id='line_1_3' title="bbox 178 2318 794 2405; baseline 0.003 -20"><span class='ocrx_word' id='word_1_9' title='bbox 178 2337 316 2402; x_wconf 85' lang='lat' dir='ltr'>ramus,</span> <span class='ocrx_word' id='word_1_10' title='bbox 334 2324 475 2405; x_wconf 90' lang='lat' dir='ltr'>tempus</span> <span class='ocrx_word' id='word_1_11' title='bbox 491 2325 546 2386; x_wconf 87' lang='lat' dir='ltr'>est</span> <span class='ocrx_word' id='word_1_12' title='bbox 561 2318 794 2404; x_wconf 82' lang='lat' dir='ltr'>recolligere.</span> 
     </span>
    </p>

    <p class='ocr_par' dir='ltr' id='par_1_3' title="bbox 175 2431 1211 2846">
     <span class='ocr_line' id='line_1_4' title="bbox 222 2431 1210 2523; baseline 0.005 -24"><span class='ocrx_word' id='word_1_13' title='bbox 222 2431 373 2518; x_wconf 82' lang='lat' dir='ltr'><strong>Aliquot</strong></span> <span class='ocrx_word' id='word_1_14' title='bbox 391 2431 541 2519; x_wconf 79' lang='lat' dir='ltr'>insolita</span> <span class='ocrx_word' id='word_1_15' title='bbox 564 2439 600 2500; x_wconf 88' lang='lat' dir='ltr'>et</span> <span class='ocrx_word' id='word_1_16' title='bbox 622 2452 750 2520; x_wconf 87' lang='lat' dir='ltr'>parum</span> <span class='ocrx_word' id='word_1_17' title='bbox 775 2433 891 2503; x_wconf 83' lang='lat' dir='ltr'>latina</span> <span class='ocrx_word' id='word_1_18' title='bbox 914 2436 1093 2504; x_wconf 86' lang='lat' dir='ltr'>vocabula</span> <span class='ocrx_word' id='word_1_19' title='bbox 1114 2439 1210 2523; x_wconf 86' lang='lat' dir='ltr'>apud</span> 
     </span>
     <span class='ocr_line' id='line_1_5' title="bbox 176 2544 1211 2636; baseline 0.004 -23"><span class='ocrx_word' id='word_1_20' title='bbox 176 2545 373 2614; x_wconf 88' lang='lat' dir='ltr'>Phaedrum</span> <span class='ocrx_word' id='word_1_21' title='bbox 394 2544 725 2634; x_wconf 84' lang='lat' dir='ltr'>deprehendimus3</span> <span class='ocrx_word' id='word_1_22' title='bbox 748 2547 812 2615; x_wconf 90' lang='lat' dir='ltr'>sed</span> <span class='ocrx_word' id='word_1_23' title='bbox 833 2566 960 2615; x_wconf 92' lang='lat' dir='ltr'>eorum</span> <span class='ocrx_word' id='word_1_24' title='bbox 980 2548 1156 2636; x_wconf 84' lang='lat' dir='ltr'>pleraque</span> <span class='ocrx_word' id='word_1_25' title='bbox 1172 2548 1211 2617; x_wconf 93' lang='lat' dir='ltr'>in</span> 
     </span>
     <span class='ocr_line' id='line_1_6' title="bbox 177 2652 1210 2747; baseline 0.005 -20"><span class='ocrx_word' id='word_1_26' title='bbox 177 2661 232 2729; x_wconf 86' lang='lat' dir='ltr'>eis</span> <span class='ocrx_word' id='word_1_27' title='bbox 253 2660 345 2730; x_wconf 85' lang='lat' dir='ltr'>locis</span> <span class='ocrx_word' id='word_1_28' title='bbox 366 2680 446 2729; x_wconf 89' lang='lat' dir='ltr'>esse</span> <span class='ocrx_word' id='word_1_29' title='bbox 467 2652 754 2747; x_wconf 84' lang='lat' dir='ltr'>observavimus,</span> <span class='ocrx_word' id='word_1_30' title='bbox 777 2661 839 2731; x_wconf 89' lang='lat' dir='ltr'>ubi</span> <span class='ocrx_word' id='word_1_31' title='bbox 860 2662 1009 2731; x_wconf 93' lang='lat' dir='ltr'>omnino</span> <span class='ocrx_word' id='word_1_32' title='bbox 1024 2663 1126 2732; x_wconf 92' lang='lat' dir='ltr'>dubii</span> <span class='ocrx_word' id='word_1_33' title='bbox 1143 2683 1210 2732; x_wconf 91' lang='lat' dir='ltr'>co-</span> 
     </span>
     <span class='ocr_line' id='line_1_7' title="bbox 175 2777 499 2846; baseline -0.003 0"><span class='ocrx_word' id='word_1_34' title='bbox 175 2778 279 2846; x_wconf 90' lang='lat' dir='ltr'>dices</span> <span class='ocrx_word' id='word_1_35' title='bbox 292 2777 499 2845; x_wconf 84' lang='lat' dir='ltr'>uideantur.</span> 
     </span>
    </p>

    <p class='ocr_par' dir='ltr' id='par_1_4' title="bbox 171 2891 1212 3438">
     <span class='ocr_line' id='line_1_8' title="bbox 221 2891 1209 2979; baseline 0.001 -18"><span class='ocrx_word' id='word_1_36' title='bbox 221 2896 271 2961; x_wconf 90' lang='lat' dir='ltr'>De</span> <span class='ocrx_word' id='word_1_37' title='bbox 287 2910 425 2977; x_wconf 81' lang='lat' dir='ltr'>genere</span> <span class='ocrx_word' id='word_1_38' title='bbox 440 2911 680 2979; x_wconf 87' lang='lat' dir='ltr'>numeroque,</span> <span class='ocrx_word' id='word_1_39' title='bbox 699 2891 947 2962; x_wconf 74' lang='lat' dir='ltr'>declinatione</span> <span class='ocrx_word' id='word_1_40' title='bbox 968 2911 1009 2961; x_wconf 84' lang='lat' dir='ltr'>ac</span> <span class='ocrx_word' id='word_1_41' title='bbox 1025 2895 1209 2979; x_wconf 82' lang='lat' dir='ltr'>conjuga-</span> 
     </span>
     <span class='ocr_line' id='line_1_9' title="bbox 173 3006 1212 3095; baseline 0.003 -21"><span class='ocrx_word' id='word_1_42' title='bbox 173 3006 276 3075; x_wconf 89' lang='lat' dir='ltr'>tione</span> <span class='ocrx_word' id='word_1_43' title='bbox 298 3007 506 3092; x_wconf 88' lang='lat' dir='ltr'>verborum,</span> <span class='ocrx_word' id='word_1_44' title='bbox 531 3008 710 3075; x_wconf 87' lang='lat' dir='ltr'>nonnulla</span> <span class='ocrx_word' id='word_1_45' title='bbox 733 3006 881 3094; x_wconf 86' lang='lat' dir='ltr'>quidem</span> <span class='ocrx_word' id='word_1_46' title='bbox 903 3006 1109 3076; x_wconf 81' lang='lat' dir='ltr'>notavimus</span> <span class='ocrx_word' id='word_1_47' title='bbox 1128 3029 1212 3095; x_wconf 85' lang='lat' dir='ltr'>quae</span> 
     </span>
     <span class='ocr_line' id='line_1_10' title="bbox 173 3121 1210 3208; baseline 0 -17"><span class='ocrx_word' id='word_1_48' title='bbox 173 3141 250 3191; x_wconf 92' lang='lat' dir='ltr'>non</span> <span class='ocrx_word' id='word_1_49' title='bbox 273 3122 422 3190; x_wconf 92' lang='lat' dir='ltr'>omnino</span> <span class='ocrx_word' id='word_1_50' title='bbox 445 3141 534 3191; x_wconf 83' lang='lat' dir='ltr'>seno</span> <span class='ocrx_word' id='word_1_51' title='bbox 555 3121 717 3190; x_wconf 88' lang='lat' dir='ltr'>sermoni</span> <span class='ocrx_word' id='word_1_52' title='bbox 742 3127 991 3191; x_wconf 84' lang='lat' dir='ltr'>consentanea</span> <span class='ocrx_word' id='word_1_53' title='bbox 1013 3128 1119 3208; x_wconf 84' lang='lat' dir='ltr'>sunt3</span> <span class='ocrx_word' id='word_1_54' title='bbox 1146 3124 1210 3192; x_wconf 88' lang='lat' dir='ltr'>sed</span> 
     </span>
     <span class='ocr_line' id='line_1_11' title="bbox 173 3234 1208 3323; baseline 0 -19"><span class='ocrx_word' id='word_1_55' title='bbox 173 3237 304 3304; x_wconf 88' lang='lat' dir='ltr'>eadem</span> <span class='ocrx_word' id='word_1_56' title='bbox 320 3236 379 3303; x_wconf 86' lang='lat' dir='ltr'>uel</span> <span class='ocrx_word' id='word_1_57' title='bbox 399 3237 494 3323; x_wconf 88' lang='lat' dir='ltr'>apud</span> <span class='ocrx_word' id='word_1_58' title='bbox 515 3255 578 3304; x_wconf 88' lang='lat' dir='ltr'>eos</span> <span class='ocrx_word' id='word_1_59' title='bbox 599 3234 661 3322; x_wconf 87' lang='lat' dir='ltr'>qui</span> <span class='ocrx_word' id='word_1_60' title='bbox 682 3258 701 3301; x_wconf 76' lang='lat' dir='ltr'>c</span> <span class='ocrx_word' id='word_1_61' title='bbox 718 3237 780 3323; x_wconf 89' lang='lat' dir='ltr'>jus</span> <span class='ocrx_word' id='word_1_62' title='bbox 797 3242 833 3304; x_wconf 90' lang='lat' dir='ltr'>et</span> <span class='ocrx_word' id='word_1_63' title='bbox 851 3254 979 3306; x_wconf 82' lang='lat' dir='ltr'>norma</span> <span class='ocrx_word' id='word_1_64' title='bbox 998 3237 1208 3323; x_wconf 76' lang='lat' dir='ltr'>loquendi»</span> 
     </span>
     <span class='ocr_line' id='line_1_12' title="bbox 171 3350 595 3438; baseline 0.002 -20"><span class='ocrx_word' id='word_1_65' title='bbox 171 3355 362 3437; x_wconf 86' lang='lat' dir='ltr'>putantur,</span> <span class='ocrx_word' id='word_1_66' title='bbox 380 3350 595 3438; x_wconf 75' lang='lat' dir='ltr'>reperimur.</span> 
     </span>
    </p>

    <p class='ocr_par' dir='ltr' id='par_1_5' title="bbox 170 3464 1208 4349">
     <span class='ocr_line' id='line_1_13' title="bbox 220 3464 1207 3554; baseline 0.003 -21"><span class='ocrx_word' id='word_1_67' title='bbox 220 3464 385 3550; x_wconf 82' lang='lat' dir='ltr'>Singulis</span> <span class='ocrx_word' id='word_1_68' title='bbox 398 3465 522 3535; x_wconf 85' lang='lat' dir='ltr'>uerbis</span> <span class='ocrx_word' id='word_1_69' title='bbox 536 3470 663 3534; x_wconf 86' lang='lat' dir='ltr'>contra</span> <span class='ocrx_word' id='word_1_70' title='bbox 679 3467 858 3536; x_wconf 90' lang='lat' dir='ltr'>bonorum</span> <span class='ocrx_word' id='word_1_71' title='bbox 878 3465 1097 3554; x_wconf 87' lang='lat' dir='ltr'>scriptorum</span> <span class='ocrx_word' id='word_1_72' title='bbox 1116 3486 1207 3536; x_wconf 92' lang='lat' dir='ltr'>con-</span> 
     </span>
     <span class='ocr_line' id='line_1_14' title="bbox 172 3577 1208 3666; baseline 0.004 -22"><span class='ocrx_word' id='word_1_73' title='bbox 172 3577 408 3646; x_wconf 90' lang='lat' dir='ltr'>suetudinem</span> <span class='ocrx_word' id='word_1_74' title='bbox 432 3578 616 3647; x_wconf 90' lang='lat' dir='ltr'>interdum</span> <span class='ocrx_word' id='word_1_75' title='bbox 643 3580 822 3647; x_wconf 74' lang='lat' dir='ltr'>Phaedrus</span> <span class='ocrx_word' id='word_1_76' title='bbox 844 3578 959 3647; x_wconf 87' lang='lat' dir='ltr'>utitur</span> <span class='ocrx_word' id='word_1_77' title='bbox 982 3598 990 3648; x_wconf 91' lang='lat'>:</span> <span class='ocrx_word' id='word_1_78' title='bbox 1017 3599 1148 3666; x_wconf 88' lang='lat' dir='ltr'>nempe</span> <span class='ocrx_word' id='word_1_79' title='bbox 1171 3586 1208 3647; x_wconf 90' lang='lat' dir='ltr'>et</span> 
     </span>
     <span class='ocr_line' id='line_1_15' title="bbox 171 3691 1206 3781; baseline 0.003 -23"><span class='ocrx_word' id='word_1_80' title='bbox 171 3691 358 3759; x_wconf 80' lang='lat' dir='ltr'>abstracta</span> <span class='ocrx_word' id='word_1_81' title='bbox 387 3691 536 3759; x_wconf 85' lang='lat' dir='ltr'>nomina</span> <span class='ocrx_word' id='word_1_82' title='bbox 565 3710 630 3779; x_wconf 90' lang='lat' dir='ltr'>pro</span> <span class='ocrx_word' id='word_1_83' title='bbox 660 3692 843 3760; x_wconf 79' lang='lat' dir='ltr'>concretis</span> <span class='ocrx_word' id='word_1_84' title='bbox 869 3697 906 3760; x_wconf 86' lang='lat' dir='ltr'>et</span> <span class='ocrx_word' id='word_1_85' title='bbox 931 3693 1112 3780; x_wconf 75' lang='lat' dir='ltr'>adJectiva</span> <span class='ocrx_word' id='word_1_86' title='bbox 1140 3712 1206 3781; x_wconf 89' lang='lat' dir='ltr'>pro</span> 
     </span>
     <span class='ocr_line' id='line_1_16' title="bbox 171 3802 1206 3892; baseline -0.002 -19"><span class='ocrx_word' id='word_1_87' title='bbox 171 3806 413 3875; x_wconf 80' lang='lat' dir='ltr'>substantivis</span> <span class='ocrx_word' id='word_1_88' title='bbox 429 3805 640 3875; x_wconf 90' lang='lat' dir='ltr'>nominibus</span> <span class='ocrx_word' id='word_1_89' title='bbox 659 3812 695 3873; x_wconf 91' lang='lat' dir='ltr'>et</span> <span class='ocrx_word' id='word_1_90' title='bbox 715 3804 899 3892; x_wconf 86' lang='lat' dir='ltr'>simplicia</span> <span class='ocrx_word' id='word_1_91' title='bbox 913 3824 979 3892; x_wconf 94' lang='lat' dir='ltr'>pro</span> <span class='ocrx_word' id='word_1_92' title='bbox 994 3802 1206 3891; x_wconf 89' lang='lat' dir='ltr'>compositis</span> 
     </span>
     <span class='ocr_line' id='line_1_17' title="bbox 170 3916 1205 4007; baseline -0.002 -22"><span class='ocrx_word' id='word_1_93' title='bbox 170 3918 297 3988; x_wconf 88' lang='lat' dir='ltr'>verbis</span> <span class='ocrx_word' id='word_1_94' title='bbox 317 3919 546 4007; x_wconf 86' lang='lat' dir='ltr'>frequentius</span> <span class='ocrx_word' id='word_1_95' title='bbox 566 3938 607 3987; x_wconf 86' lang='lat' dir='ltr'>ac</span> <span class='ocrx_word' id='word_1_96' title='bbox 630 3917 783 3987; x_wconf 89' lang='lat' dir='ltr'>liberius</span> <span class='ocrx_word' id='word_1_97' title='bbox 807 3917 957 3987; x_wconf 87' lang='lat' dir='ltr'>adhibet</span> <span class='ocrx_word' id='word_1_98' title='bbox 970 3937 979 4003; x_wconf 84' lang='lat'><em>3</em></span> <span class='ocrx_word' id='word_1_99' title='bbox 1004 3916 1101 3985; x_wconf 90' lang='lat' dir='ltr'>idem</span> <span class='ocrx_word' id='word_1_100' title='bbox 1123 3935 1205 3984; x_wconf 92' lang='lat' dir='ltr'>cum</span> 
     </span>
     <span class='ocr_line' id='line_1_18' title="bbox 170 4027 1204 4118; baseline -0.006 -19"><span class='ocrx_word' id='word_1_101' title='bbox 170 4030 358 4100; x_wconf 88' lang='lat' dir='ltr'>infinitivo</span> <span class='ocrx_word' id='word_1_102' title='bbox 376 4030 521 4118; x_wconf 86' lang='lat' dir='ltr'>passivo</span> <span class='ocrx_word' id='word_1_103' title='bbox 536 4050 611 4099; x_wconf 92' lang='lat' dir='ltr'>non</span> <span class='ocrx_word' id='word_1_104' title='bbox 634 4034 808 4118; x_wconf 77' lang='lat' dir='ltr'>«coeptus</span> <span class='ocrx_word' id='word_1_105' title='bbox 826 4048 938 4098; x_wconf 77' lang='lat' dir='ltr'>sum»</span> <span class='ocrx_word' id='word_1_106' title='bbox 955 4030 1019 4098; x_wconf 89' lang='lat' dir='ltr'>sed</span> <span class='ocrx_word' id='word_1_107' title='bbox 1040 4027 1204 4115; x_wconf 76' lang='lat' dir='ltr'>«coepi»</span> 
     </span>
     <span class='ocr_line' id='line_1_19' title="bbox 171 4145 1207 4234; baseline -0.002 -19"><span class='ocrx_word' id='word_1_108' title='bbox 171 4147 392 4234; x_wconf 84' lang='lat' dir='ltr'>conjungit:</span> <span class='ocrx_word' id='word_1_109' title='bbox 415 4147 539 4216; x_wconf 85' lang='lat' dir='ltr'>omnia</span> <span class='ocrx_word' id='word_1_110' title='bbox 553 4166 640 4215; x_wconf 90' lang='lat' dir='ltr'>vero</span> <span class='ocrx_word' id='word_1_111' title='bbox 658 4146 723 4214; x_wconf 84' lang='lat' dir='ltr'>ille</span> <span class='ocrx_word' id='word_1_112' title='bbox 743 4166 817 4215; x_wconf 91' lang='lat' dir='ltr'>non</span> <span class='ocrx_word' id='word_1_113' title='bbox 832 4147 939 4214; x_wconf 91' lang='lat' dir='ltr'>modo</span> <span class='ocrx_word' id='word_1_114' title='bbox 961 4145 1056 4232; x_wconf 86' lang='lat' dir='ltr'>apud</span> <span class='ocrx_word' id='word_1_115' title='bbox 1078 4164 1207 4230; x_wconf 80' lang='lat' dir='ltr'>ecqua·</span> 
     </span>
     <span class='ocr_line' id='line_1_20' title="bbox 172 4258 1206 4349; baseline -0.002 -20"><span class='ocrx_word' id='word_1_116' title='bbox 172 4262 243 4347; x_wconf 90' lang='lat' dir='ltr'>les,</span> <span class='ocrx_word' id='word_1_117' title='bbox 274 4260 471 4330; x_wconf 85' lang='lat' dir='ltr'>sedetiam</span> <span class='ocrx_word' id='word_1_118' title='bbox 496 4263 592 4349; x_wconf 85' lang='lat' dir='ltr'>apud</span> <span class='ocrx_word' id='word_1_119' title='bbox 620 4259 762 4349; x_wconf 89' lang='lat' dir='ltr'>priores</span> <span class='ocrx_word' id='word_1_120' title='bbox 788 4259 1009 4330; x_wconf 77' lang='lat' dir='ltr'>invenimus,</span> <span class='ocrx_word' id='word_1_121' title='bbox 1040 4261 1116 4329; x_wconf 89' lang='lat' dir='ltr'>Imo</span> <span class='ocrx_word' id='word_1_122' title='bbox 1142 4258 1206 4328; x_wconf 90' lang='lat' dir='ltr'>ubi</span> 
     </span>
    </p>
   </div>
   <div class='ocr_carea' id='block_1_3' title="bbox 0 0 1572 5100">
    <p class='ocr_par' dir='ltr' id='par_1_6' title="bbox 0 0 1572 5100">
     <span class='ocr_line' id='line_1_21' title="bbox 0 0 1572 5100; baseline 0 4"><span class='ocrx_word' id='word_1_123' title='bbox 0 0 1572 5100; x_wconf 95' lang='lat' dir='ltr'> </span> 
     </span>
    </p>
   </div>
  </div>
 </body>
</html>
