3134 5100
586 567 766 632 -111-

203 730 232 818 β)
255 731 364 799 crant
377 731 530 818 perfecti
545 749 643 818 saepe
660 730 814 817 corripit
829 731 1008 799 Phaedrus
1021 731 1067 819 (2.
1082 734 1117 815 4,
1128 732 1189 816 243

157 847 190 912 3.
207 845 242 927 2,
259 845 320 928 193
339 845 480 928 8‚5;4.
498 845 553 928 16,
570 844 611 928 23
628 845 685 928 20,
702 843 770 932 16).

194 997 235 1052 Gl'.
254 997 324 1050 Fab.
340 1011 409 1051 nov.
426 994 469 1065 13,
486 996 501 1050 7
523 996 607 1050 Cruci
625 996 725 1050 suffixi
747 995 869 1049 luerunt
884 1009 999 1064 poenas
1014 995 1138 1049 numini.

194 1091 240 1161 10,
255 1090 274 1144 4
292 1091 424 1155 Quorum
438 1090 516 1144 inter
530 1090 616 1145 villos
631 1089 732 1144 cancri
747 1089 885 1144 simulat
900 1088 1058 1143 besorum.

200 1290 233 1380 γ)
258 1290 396 1374 11011910
411 1289 564 1376 corripit
578 1288 733 1375 primam
749 1289 929 1374 syllabam
946 1306 954 1356 :

192 1456 220 1510 ll.
240 1454 282 1524 ll,
298 1455 317 1508 ll
335 1456 472 1524 Repente
488 1469 595 1510 vocem
611 1459 717 1514 sancta
732 1454 814 1509 misit
828 1453 945 1524 rolipio.

194 1551 236 1606 Cl.
253 1551 323 1606 Fab.
340 1566 408 1606 nov.
425 1551 571 1620 Tripodes
586 1555 753 1620 moventur,
771 1551 867 1619 mugit
881 1551 979 1620 adytis
994 1549 1112 1620 rolipio.
1132 1602 1135 1609 .

201 1747 230 1836 δ)
255 1748 386 1832 chcri
401 1766 546 1834 semper
561 1747 729 1834 producit
745 1747 900 1834 primam
917 1747 1110 1834 syllabam,
1127 1767 1194 1832 ge·
1280 1776 1285 1786 ·

156 1860 297 1928 minata
313 1861 529 1947 plerumque
545 1880 708 1929 consona
725 1878 734 1929 ε

193 2023 221 2079 1.
242 2026 290 2080 Pr.
310 2023 323 2077 1
349 2025 479 2093 AEsopus
503 2030 608 2079 auctor
636 2039 727 2093 quam
751 2024 908 2080 materiam
931 2023 1075 2095 repperit.
1099 2024 1141 2080 cf.
1165 2025 1193 2094 3,

154 2123 202 2194 12,
220 2124 256 2194 ‘33
273 2121 603 2194 10,13;1.5,40;11,
621 2122 664 2177 15.

202 2269 303 2335 Idem
319 2266 358 2334 in
375 2265 509 2334 fabulis
525 2263 629 2332 novis
645 2266 862 2334 observatur
878 2283 886 2334 :

268 2426 313 2496 la,
329 2427 346 2480 5
366 2426 395 2481 Si
410 2423 590 2496 repperisset
604 2425 711 2494 aliquis
725 2426 804 2480 hanc
818 2426 1006 2495 prudentior.

196 2639 231 2727 ε)
262 2639 348 2707 Vide
362 2636 515 2725 corripit
531 2638 696 2706 ultimam
712 2638 892 2724 syllabam
908 2655 916 2706 :

192 2788 222 2844 3.
238 2789 266 2858 6,
282 2787 299 2841 3
323 2788 392 2843 thd
407 2786 447 2846 ne
461 2788 570 2843 dolone
585 2789 695 2843 collum
710 2802 913 2857 compungam
927 2788 991 2843 tibi.

193 2884 236 2940 Cf.
253 2885 324 2941 Fal).
336 2899 404 2939 nov.
423 2882 471 2953 10,
485 2882 521 2937 td
540 2882 610 2936 tht
620 2884 661 2938 ne
671 2884 796 2951 querela
806 2884 900 2951 major
909 2886 1065 2938 accrescat
1075 2883 1194 2937 domus

203 3082 298 3161 Quid
313 3079 448 3170 plural
468 3085 622 3152 Veteres
642 3089 678 3151 et
695 3102 808 3152 novas
827 3084 984 3167 fabulas,
1004 3082 1081 3151 sivo
1105 3103 1193 3152 ora-

153 3198 299 3266 tionem
328 3197 404 3265 sive
433 3197 637 3266 carminum
674 3196 855 3266 rationem
884 3217 925 3265 ac
955 3197 1196 3285 quorumdam

151 3313 355 3381 verborum
394 3312 603 3398 prosodiam
642 3314 830 3396 31103033,
870 3331 951 3380 0330
986 3310 1196 3379 simillimas

152 3428 259 3495 inter
282 3446 320 3494 se
338 3429 416 3513 jam
438 3426 632 3495 manifesto
653 3433 817 3514 apparet.
842 3431 930 3505 Quae
950 3447 1033 3495 cum
1049 3427 1100 3496 ita
1122 3428 1196 3497 sint

154 3546 195 3609 et
220 3542 298 3625 jam
328 3538 557 3625 gravissimis
591 3540 820 3625 argumentis
851 3541 1007 3609 Phaedro
1035 3540 1195 3610 adscribi

154 3656 296 3724 debere
319 3655 463 3723 fabulas
483 3673 596 3722 novas
616 3656 809 3740 probatum
826 3654 887 3738 sit,
908 3675 982 3723 303
1003 3654 1141 3723 diutius
1156 3654 1195 3722 in

62 3750 64 3755 ⁵
154 3774 231 3839 hac
248 3769 452 3857 quaestione
466 3769 734 3838 immorandum
749 3789 844 3854 csse,
856 3772 919 3838 sed
932 3769 1053 3857 potius
1069 3790 1194 3857 opera,

154 3903 316 3970 quorum
336 3882 441 3968 origo
458 3884 537 3968 Jam
557 3903 629 3951 non
646 3882 756 3952 dubia
774 3882 834 3968 sit,
852 3882 991 3951 auctori
1012 3901 1078 3950 suo
1098 3884 1196 3949 rele-

153 3995 277 4065 renda
292 4013 373 4063 esse
388 3993 529 4081 judico.
