3134 5100
551 1275 705 1369 elnon
738 1237 820 1358 u
932 1249 935 1256 ’

312 1593 358 1649 DE
376 1592 580 1649 VERBORUM
598 1591 830 1648 TEMPORIBUS
850 1591 893 1646 ET
912 1590 1025 1646 Monls

465 1890 493 1954 Ι.
517 1923 560 1938 -
581 1905 628 1954 nn
649 1903 872 1953 nnnronmus

196 2158 406 2245 AEqualium
429 2159 585 2226 Phaedro
609 2156 828 2245 scriptorum
851 2175 962 2242 opera
977 2152 1184 2242 perlegenti

153 2277 306 2360 apparet
334 2276 508 2358 quantum
535 2271 574 2338 in
601 2269 827 2356 temporibus
855 2271 1049 2338 verborum
1078 2268 1186 2336 adhi-

153 2387 285 2456 bendis
306 2407 326 2454 a
342 2389 435 2456 bona
452 2386 670 2472 sinceraque
687 2385 869 2474 latinitate
886 2387 1101 2454 deflectant:
1123 2385 1185 2471 qui

153 2505 295 2569 tantum
321 2502 423 2571 abest
449 2506 489 2568 ut
517 2519 620 2569 suam
645 2499 871 2587 temporibus
898 2498 972 2568 vim
1000 2498 1186 2587 propriam

154 2619 301 2684 servent
321 2619 371 2700 ut,
388 2635 470 2682 cum
486 2614 541 2681 rei
566 2612 728 2681 metricae
748 2612 968 2680 necessitate
992 2618 1184 2697 cogantur,
1227 2640 1230 2646 ·

154 2749 219 2816 pro
232 2728 316 2796 aliis
332 2727 405 2796 alia
421 2733 585 2815 tempora
600 2726 805 2794 admittant.
820 2728 959 2813 Nempe
975 2744 1048 2793 non
1064 2727 1187 2810 mode,

155 2843 217 2910 ubi
241 2840 446 2908 infinitivus
465 2838 659 2926 praesentis
682 2838 925 2923 desideratur,
941 2837 994 2907 ibi
1013 2857 1187 2905 nonnun-

155 2974 263 3041 quam
280 2953 501 3021 infinitivum
515 2951 694 3040 praeteriti
711 2952 887 3021 adhibent
899 2952 963 3041 (l);
982 2955 1045 3021 sed
1062 2954 1184 3039 etiarn,

155 3089 237 3137 cum
253 3071 336 3135 duae
352 3068 520 3155 pluresve
537 3067 701 3152 ejusdem
721 3067 862 3135 ordinis
876 3068 1071 3136 verborum
1086 3087 1188 3136 oom-

155 3183 420 3272 prehensiones
443 3182 724 3267 continuantur,
749 3203 848 3251 nune
872 3184 1066 3269 praesentis
1089 3204 1187 3253 nunc

156 3297 334 3387 praeteriti
353 3296 577 3365 infinitivum
592 3302 770 3383 usurpant
788 3315 795 3364 :

191 3456 256 3510 Tib.
276 3455 302 3509 Ι.
321 3454 349 3523 1,
365 3452 448 3509 29-32
463 3455 525 3511 Nee
549 3458 650 3509 tamen
676 3454 827 3509 interdurn
853 3455 967 3522 pudeat
992 3454 1118 3509 tenuisse
1142 3457 1187 3511 bi·

157 3599 590 3607 -.—--..——-—-—.-.-———-
597 3599 693 3604 ..nu—..-
847 3599 899 3603 ---.
1118 3600 1183 3606 -Ε

192 3680 230 3748 (l)
247 3679 332 3743 Quod
347 3678 380 3732 fit
395 3678 508 3746 saepius
522 3681 593 3745 post
606 3678 700 3731 verba
710 3675 869 3746 potestatis
881 3681 912 3731 et
926 3677 1100 3735 uoluntatis.
1117 3681 1184 3736 Tib.

155 3762 182 3817 2.
195 3765 217 3831 l,
228 3762 293 3816 olo
307 3777 367 3817 non
382 3762 494 3815 audeat
504 3762 563 3815 ulla
573 3762 735 3815 Lanificam
746 3761 851 3830 pensis
860 3758 1033 3830 imposuisse
1048 3778 1184 3819 manum.

157 3847 182 3900 Ι.
202 3846 228 3916 6,
240 3846 276 3901 71
287 3846 404 3901 venerit
419 3847 477 3901 iste
493 3846 519 3901 si
534 3846 625 3915 furor,
643 3843 775 3915 optarim
790 3859 849 3899 non
862 3844 996 3898 babuisse
1006 3860 1142 3901 manum.
1155 3879 1188 3887 -

158 3931 244 3985 Ovid.
264 3932 333 3984 Am.
353 3931 377 3984 Ι.
396 3930 423 3999 d,
440 3929 475 3984 38
490 3931 594 3984 oscula
611 3931 764 3998 praecipue
784 3931 865 3983 nulla
884 3929 997 3982 dedisse
1015 3930 1100 3986 velis.
1119 3935 1185 3988 nrt.

157 4018 224 4070 Am.
243 4016 270 4086 3,
286 4014 339 4069 319
362 4029 420 4069 nee
443 4017 591 4083 plectrum
617 4015 723 4070 dextra
747 4015 892 4069 citharam
918 4015 1043 4068 teneriore
1068 4018 1189 4072 sinistra

157 4101 281 4155 nesciat.
311 4133 344 4141 —
364 4103 455 4169 Prop.
483 4101 510 4169 tl,
533 4100 568 4154 12
593 4100 659 4172 [19],
684 4100 720 4155 32
743 4102 861 4155 absenti
884 4116 973 4156 nemo
997 4118 1035 4157 no
1057 4104 1189 4157 nocuisse

157 4186 238 4239 velit.
260 4187 285 4240 Ι.
304 4185 382 4255 7,111
400 4185 495 4239 uelim
516 4190 637 4240 nostros
663 4190 693 4239 to
716 4184 839 4237 uiolasse
863 4187 952 4241 deos.
971 4218 1004 4225 —
1019 4188 1084 4242 Val.
1104 4190 1185 4248 illex.

157 4271 187 4324 ln.
206 4272 232 4341 3,
249 4272 286 4326 tl
301 4271 417 4324 ubuude
434 4270 703 4325 erit-rettulisse.
