3134 5100
623 491 782 554 ,Μ-

230 659 356 724 Utres
379 655 648 725 dissimillimas
673 656 772 724 inter
793 676 832 724 se
858 657 982 745 inepte
1005 665 1220 748 comparant

186 769 351 857 plerique
375 788 500 837 eorum
523 770 584 857 qui
605 771 753 840 Phaedri
773 776 882 840 aetate
903 772 1143 860 scripserunt,
1167 776 1218 843 ita

185 903 258 952 non
281 883 403 951 minus
427 881 567 950 insulse
595 883 668 951 alia
683 872 774 952 ¹aliis
793 887 906 953 verba
931 893 1130 972 opponunt.
1159 888 1217 956 Sic

182 998 362 1082 VellejuS‚
378 995 559 1082 Scipionis
573 995 763 1064 AEmiliani
779 1006 933 1064 mortem
949 999 1096 1083 lugens
1112 999 1216 1068 illius

186 1132 204 1175 «
220 1111 381 1178 velatum
397 1129 477 1177 esse
492 1115 599 1194 ceput
613 1132 631 1175 »
649 1111 804 1178 miratur
821 1134 839 1175 ‹<
860 1114 964 1198 cujus
980 1131 1091 1199 opera
1107 1134 1218 1201 super

184 1230 301 1292 totum
316 1229 496 1292 terrarum
512 1225 638 1292 orbem
659 1229 773 1293 Roma
795 1227 976 1294 extulerat
989 1231 1096 1311 ceput
1155 1227 1215 1315 (l).

186 1339 268 1406 Non
297 1338 415 1406 minus
443 1339 622 1406 ridiculus
650 1347 704 1408 est
729 1340 903 1409 Valerius
926 1341 1106 1410 Maximus
1135 1362 1218 1410 curn

186 1453 346 1540 peditum
383 1455 530 1522 illorum
561 1455 733 1523 virtutem
766 1457 974 1544 praedicans
1009 1457 1072 1544 qui
1106 1477 1217 1526 naves

183 1567 337 1655 punicas
352 1567 391 1635 in
408 1567 511 1636 littus
527 1573 768 1653 retraxerant,
787 1589 861 1637 non
881 1569 961 1638 sine
977 1570 1104 1656 putida
1121 1591 1217 1658 qua-

66 1771 70 1782 .
183 1685 267 1751 dam
289 1684 520 1751 affectatione
543 1686 623 1752 haec
639 1685 818 1753 vocabula
842 1708 860 1751 e
884 1691 1019 1771 nonies,
1033 1689 1172 1773 pedites
1195 1710 1214 1753 »

182 1797 340 1864 alterum
356 1795 464 1864 alteri
480 1796 655 1884 opponit:

252 1959 254 1964 ’
292 1989 305 2025 e
325 1971 439 2027 Nautes
452 1971 575 2026 lubricis
589 1973 688 2042 pelagi
703 1974 790 2042 quasi
805 1988 981 2044 camporum
995 1976 1136 2031 firmitate

322 2069 440 2140 pedites
454 2069 484 2123 in
497 2070 581 2123 littus
597 2073 788 2125 retraxerunt
803 2089 817 2120 r
835 2070 891 2142 (2);

182 2231 354 2295 anteum
384 2225 590 2312 Scipionem
615 2225 829 2295 Africanum
856 2226 946 2294 dicit
974 2229 1151 2296 «eineres
1178 2229 1213 2297 ei

181 2341 339 2429 (patriae)
356 2340 548 2426 negavisse
561 2359 669 2426 quarn
680 2339 718 2408 in
731 2343 888 2409 eicerem
900 2341 1035 2411 collabi
1048 2361 1177 2429 passus
1193 2366 1212 2409 »

180 2475 256 2523 non
272 2455 403 2524 suisset
427 2454 486 2543 (3).

224 2570 320 2637 Num
335 2573 441 2656 putas
457 2568 565 2637 facile
586 2588 680 2654 esse,
698 2588 780 2636 cum
800 2572 902 2637 tanto
920 2568 959 2636 in
977 2571 1116 2637 honore
1139 2570 1214 2638 sint

178 2702 309 2751 omnes
324 2683 406 2751 istae
416 2685 610 2751 verborum
621 2682 836 2769 praestigiae,
847 2703 888 2751 se
901 2685 945 2752 ab
959 2684 1212 2752 eisvindieare

180 2806 304 2887 atque,
321 2800 467 2869 omissis
483 2800 537 2868 eis
554 2821 635 2887 quae
652 2799 788 2887 publici
808 2801 881 2868 sint
897 2801 1052 2887 saporis,
1068 2800 1214 2887 simpli-

105 2896 107 2901 ’
181 2918 275 2985 citer
288 2937 330 2985 ac
345 2918 425 2985 sine
441 2919 517 2985 ullo
533 2921 709 3003 apparatu
721 2916 977 3006 diceretQuod
990 2916 1028 2984 in
1041 2918 1211 3001 Phaedro,

181 3037 223 3099 ut
242 3032 387 3117 quidem
410 3050 479 3116 ego
501 3030 633 3114 sentio,
655 3035 752 3097 recte
774 3049 816 3097 ac
837 3029 967 3097 merito
987 3029 1106 3116 possis
1126 3031 1211 3096 lau-

181 3150 283 3216 dare.
300 3149 439 3233 Nempe
455 3166 529 3215 non
545 3151 584 3213 ut
598 3146 764 3231 Vellejus
781 3145 906 3231 putide
922 3145 1012 3213 dicit
1028 3167 1047 3211 «
1069 3146 1214 3229 siqneee

179 3263 273 3347 stylo
287 3282 306 3326 »
321 3260 367 3349 (4)
379 3264 441 3327 aut
455 3282 473 3325 «
482 3262 657 3344 srenqere
670 3259 717 3348 (5)
731 3261 856 3327 hostes
872 3282 906 3344 i,
922 3261 985 3327 sed
995 3258 1213 3346 simpliciter

219 3554 258 3626 (l)
278 3553 304 3609 2.
318 3554 348 3624 l,
364 3553 394 3609 6.

218 3638 415 3707 ωᾶλω.

217 3722 258 3792 (3)
277 3722 306 3776 5.
325 3722 353 3792 3,
368 3722 399 3777 2.

218 3809 258 3877 (li)
278 3810 403 3877 Nequeo
419 3812 590 3879 temperare
604 3810 687 3879 mihi,
707 3808 778 3877 quin
790 3822 855 3863 rem
867 3821 952 3877 saepe
961 3806 1104 3875 agitatam
1114 3807 1214 3861 animo

179 3909 251 3949 meo
267 3909 366 3963 noque
382 3896 419 3947 ad
434 3894 580 3962 liquidum
591 3895 707 3949 ratione
717 3895 894 3963 perductam
904 3892 1020 3961 siquem
1035 3891 1121 3961 stylo.
1133 3892 1155 3946 Ι.
1167 3892 1212 3947 lo.

217 3978 284 4033 Non
299 3978 399 4031 minus
415 3978 594 4032 arcessitum
609 3982 658 4032 est
671 3978 752 4046 illud,
769 3977 849 4045 quod
865 3977 945 4045 apud
960 3976 1110 4030 Valerium
1121 3977 1213 4030 Maxi-

180 4079 266 4119 mum
281 4064 419 4133 occurrit,
436 4064 596 4131 eloquendi
611 4078 725 4131 genus:
753 4082 766 4113 «
782 4060 924 4129 injiciam
937 4061 1049 4130 stylum
1062 4077 1123 4129 qua
1145 4076 1215 4115 nos-

180 4156 237 4205 trae
251 4149 334 4203 urbis
349 4164 410 4216 qua
424 4152 595 4204 exterarum
609 4148 744 4219 gentium
758 4148 868 4217 priscis
884 4147 1028 4203 institutis
1045 4164 1058 4200 r
1074 4147 1101 4201 2.
1122 4148 1210 4219 praef.

217 4232 420 4303 fflin
