3134 5100
616 574 777 637 --prp-¹

228 739 259 828 β)
289 740 390 819 Quod
423 741 468 807 de
504 738 715 808 nominibus
748 738 854 807 novis
890 738 1015 807 in-tor
1047 735 1217 807 aut-trin

183 854 402 923 exeuntibus
422 853 593 935 diximus
617 855 714 921 idern
735 855 779 920 de
800 853 1011 921 nominibus
1030 852 1135 921 novis
1149 853 1214 921 in-

182 985 264 1033 men
278 965 531 1034 desinentibus
543 965 724 1052 possimus
736 964 878 1032 dicere:
897 964 1029 1050 quibus
1043 969 1082 1032 ut
1096 970 1214 1051 poetae

182 1081 339 1165 Augusti
364 1085 472 1148 aetate
495 1085 531 1148 et
552 1099 672 1168 prosae
702 1079 880 1148 orationis
907 1078 1105 1166 'scriptores
1133 1086 1216 1167 post

183 1195 348 1279 eJusdem
364 1198 509 1262 aetatem
525 1194 754 1281 frequentius
770 1192 1077 1280 insolentiusque,
1095 1193 1146 1260 ita
1168 1214 1214 1261 ne

182 1307 297 1374 semel
321 1306 467 1393 quidem
487 1303 683 1375 Phaedrum
711 1325 816 1374 usum
843 1325 923 1374 esse
953 1306 1216 1374 animadverti-

182 1438 265 1486 mus
278 1418 336 1507 (1).
351 1421 490 1506 Nempe
504 1420 598 1506 apud
617 1419 784 1487 Ovidium
801 1418 951 1486 nomina
967 1438 1074 1504 nova,
1091 1420 1216 1505 qualia

184 1555 204 1599 e
221 1535 367 1618 pronoen
389 1555 408 1599 »
430 1536 526 1602 Fast.
547 1535 582 1618 2,
599 1535 654 1616 19,
671 1535 727 1618 32,
751 1555 770 1599 e
792 1553 1018 1601 remorantem
1040 1556 1059 1599 1
1077 1537 1163 1601 Met.
1179 1537 1214 1616 3,

181 1650 260 1733 567,
280 1649 497 1716 «solamen»
518 1650 603 1715 Met.
626 1649 681 1731 12,
702 1651 758 1732 80,
779 1646 846 1736 (2);
870 1649 965 1734 apud
985 1647 1216 1734 Propertium

184 1781 204 1825 e
227 1764 413 1828 cantamen
435 1761 504 1828 »5.
521 1762 555 1843 4,
571 1761 612 1829 51
630 1759 795 1846 reperias
813 1778 821 1827 :
838 1759 970 1846 quibus
993 1757 1152 1842 omissis,
1171 1777 1216 1826 ea

183 1878 341 1960 demum,
360 1895 442 1963 quae
452 1876 596 1963 jamdiu
611 1876 697 1944 trita
713 1895 755 1944 ao
770 1876 956 1945 celebrata
971 1878 1089 1960 erant,
1106 1876 1216 1943 Phae.-

183 1992 271 2058 drus
292 1991 456 2075 adhibet,
480 1991 702 2076 «piaculum
725 2012 744 2054 »
769 1991 803 2057 3.
828 1990 922 2076 Epil.
947 1991 1004 2073 34,
1027 2010 1046 2053 «
1068 2007 1214 2056 moro»

181 2108 216 2172 4.
233 2106 268 2190 5,
285 2106 349 2189 18;
366 2105 400 2189 5,
419 2107 453 2188 8,
469 2104 503 2189 6,
524 2125 543 2169 e
565 2105 731 2171 solatium
754 2124 773 2167 >›
795 2105 828 2170 1.
845 2105 880 2188 9,
897 2106 930 2187 8,
949 2123 968 2167 e
990 2107 1115 2172 cantus
1138 2124 1157 2167 1
1178 2105 1212 2170 3.

183 2222 240 2304 18,
255 2220 290 2288 2.
307 2217 372 2286 His
388 2237 532 2305 quoque
547 2217 749 2302 vocabulis,
767 2237 850 2304 quae
866 2215 1013 2303 quidem
1026 2217 1071 2285 ab
1087 2215 1215 2285 Ovidio

183 2334 343 2422 primum
358 2338 534 2421 usurpata
553 2352 633 2402 esse
653 2331 892 2400 credideris«
915 2345 1108 2398 curvamen
1131 2352 1150 2396 »
1168 2329 1214 2419 (3)

180 2450 231 2516 Μ.
254 2448 289 2529 2,
306 2448 390 2532 130;
407 2449 440 2531 8,
458 2448 541 2531 194;
558 2447 592 2529 9,
610 2447 688 2529 449,
706 2465 725 2508 «
748 2445 934 2511 nutrimen
956 2466 975 2508 »
996 2445 1044 2510 M.
1061 2444 1117 2527 15,
1133 2443 1213 2526 354,

183 2562 440 2629 «oblectamen
465 2559 511 2650 (4)
536 2580 555 2626 a
585 2562 632 2627 M.
663 2561 697 2643 9,
722 2560 789 2627 342
797 2578 807 2643 3
838 2561 893 2640 11,
917 2559 1099 2643 41211111
1126 2576 1213 2625 vere

180 2676 299 2745 latina
315 2676 464 2745 nomina
479 2678 657 2746 Phaedrus
678 2674 893 2761 anteponit:
912 2695 931 2738 «
954 2681 1068 2751 1111111
1092 2673 1160 2740 12.
1177 2673 1211 2754 5,

180 2795 240 2876 17,
259 2813 278 2855 «
299 2792 396 2858 eidus
417 2811 437 2856 a
455 2793 487 2858 1.
504 2791 622 2874 4,6,«
645 2789 820 2873 pendium
843 2787 983 2870 »4.20,
1000 2788 1055 2853 18.

428 3034 474 3100 11.
491 3068 535 3083 -
555 3048 602 3098 nn
625 3045 818 3098 1111111111
841 3044 979 3118 nomme

226 3265 257 3354 α)
281 3269 323 3334 11
347 3283 404 3349 ee,
428 3265 533 3350 eujus
552 3259 777 3328 mentionem
797 3274 908 3344 supra
929 3254 1097 3339 fecimus,
1117 3254 1213 3324 libro

177 3381 226 3448 H.
254 3378 405 3446 Goelzer
431 3372 611 3460 adjectiva
635 3371 781 3439 in-dilis
810 3368 915 3436 finita
940 3367 979 3434 in
1006 3367 1104 3434 diem
1132 3369 1212 3434 sre-

217 3635 258 3705 (1)
277 3636 317 3691 Cf.
334 3637 373 3690 de
388 3635 492 3690 Ovidio
507 3638 651 3689 novatore
660 3630 876 3686 vocabulorum
885 3627 915 3681 in
925 3631 1212 3699 metamorphoseon

174 3721 275 3789 libris,
290 3721 305 3775 J
308 3722 435 3786 ..Favre,
451 3718 532 3783 1885,
547 3732 616 3785 pag.
632 3716 676 3785 16,
694 3731 740 3784 sq.

182 3832 186 3841 .
217 3804 257 3873 (2)
278 3806 319 3859 cf.
336 3804 415 3871 Virg.
430 3803 495 3857 AEn.
511 3800 590 3869 3,661
607 3816 644 3855 ea
667 3801 731 3855 sole
754 3801 892 3868 voluptas
907 3798 1101 3867 solamenque
1124 3800 1208 3854 mati.

174 3888 227 3955 19,
242 3887 296 3941 858
310 3888 367 3942 hoo
380 3888 515 3941 solamen
529 3889 603 3939 eret.
626 3885 736 3939 Lucan.
756 3884 784 3953 7,
814 3882 867 3937 180
880 3882 1033 3937 mentibus
1047 3897 1141 3936 unuin
1155 3883 1213 3937 hoo

174 3974 315 4028 solamen
329 3973 482 4028 eratrVal.
498 3972 594 4025 Fleuo.
610 3969 638 4037 3,
653 3967 707 4023 319
721 3969 804 4023 tenui
814 3968 927 4022 luctum
937 3963 1084 4019 solamine
1094 3966 1211 4021 fallens.

175 4058 252 4113 Sen.
266 4056 345 4111 Med.
363 4055 416 4110 539
429 4055 564 4108 solamen
580 4057 699 4121 petere.

216 4141 257 4211 (3)
276 4143 317 4197 Cf.
334 4141 407 4195 Plin.
424 4141 476 4210 Ep.
490 4138 544 4208 9,7
555 4139 725 4193 villeunum
741 4136 840 4191 sinum
860 4135 940 4189 molti
959 4132 1131 4188 curvamine
1150 4148 1214 4189 ern·

175 4228 330 4299 plectitur.
352 4227 424 4281 Geli.
440 4225 516 4291 14,1
534 4225 590 4279 alio
605 4224 675 4279 coeli
689 4219 873 4276 curvamine.
962 4250 966 4255 ι

217 4312 256 4383 (4)
276 4312 318 4368 cf.
335 4311 408 4366 Stat.
425 4310 493 4366 Silv.
510 4307 536 4365 3.
552 4309 581 4376 5,
595 4307 640 4363 95.
656 4308 748 4363 variae
762 4307 876 4364 oirodm
891 4304 1091 4361 oblectamina
1103 4306 1185 4364 vitae.
